;; -*- mode: org; mode: beancount; -*-
;; Birth: 1980-05-12
;; Dates: 2021-01-01 - 2023-02-05
;; THIS FILE HAS BEEN AUTO-GENERATED.
* Options

option "title" "Example Beancount file"
option "operating_currency" "USD"




* Commodities


1792-01-01 commodity USD
  export: "CASH"
  name: "US Dollar"

1900-01-01 commodity VMMXX
  export: "MUTF:VMMXX (MONEY:USD)"

1980-05-12 commodity VACHR
  export: "IGNORE"
  name: "Employer Vacation Hours"

1980-05-12 commodity IRAUSD
  export: "IGNORE"
  name: "US 401k and IRA Contributions"

1995-09-18 commodity VBMPX
  export: "MUTF:VBMPX"
  name: "Vanguard Total Bond Market Index Fund Institutional Plus Shares"
  price: "USD:google/MUTF:VBMPX"

2004-01-20 commodity ITOT
  export: "NYSEARCA:ITOT"
  name: "iShares Core S&P Total U.S. Stock Market ETF"
  price: "USD:google/NYSEARCA:ITOT"

2004-01-26 commodity VHT
  export: "NYSEARCA:VHT"
  name: "Vanguard Health Care ETF"
  price: "USD:google/NYSEARCA:VHT"

2004-11-01 commodity GLD
  export: "NYSEARCA:GLD"
  name: "SPDR Gold Trust (ETF)"
  price: "USD:google/NYSEARCA:GLD"

2007-07-20 commodity VEA
  export: "NYSEARCA:VEA"
  name: "Vanguard FTSE Developed Markets ETF"
  price: "USD:google/NYSEARCA:VEA"

2009-05-01 commodity RGAGX
  export: "MUTF:RGAGX"
  name: "American Funds The Growth Fund of America Class R-6"
  price: "USD:google/MUTF:RGAGX"



* Equity Accounts

1980-05-12 open Equity:Opening-Balances
1980-05-12 open Liabilities:AccountsPayable



* Banking

2021-01-01 open Assets:US:BofA
  address: "123 America Street, LargeTown, USA"
  institution: "Bank of America"
  phone: "+1.012.345.6789"
2021-01-01 open Assets:US:BofA:Checking                        USD
  account: "00234-48574897"

2021-01-01 * "Opening Balance for checking account"
  Assets:US:BofA:Checking                         4488.29 USD
  Equity:Opening-Balances                        -4488.29 USD

2021-01-02 balance Assets:US:BofA:Checking        4488.29 USD

2021-01-04 * "BANK FEES" "Monthly bank fee"
  Assets:US:BofA:Checking                           -4.00 USD
  Expenses:Financial:Fees                            4.00 USD

2021-01-06 * "RiverBank Properties" "Paying the rent"
  Assets:US:BofA:Checking                        -2400.00 USD
  Expenses:Home:Rent                              2400.00 USD

2021-01-08 * "EDISON POWER" ""
  Assets:US:BofA:Checking                          -65.00 USD
  Expenses:Home:Electricity                         65.00 USD

2021-01-19 * "Verizon Wireless" ""
  Assets:US:BofA:Checking                          -79.98 USD
  Expenses:Home:Phone                               79.98 USD

2021-01-21 * "Wine-Tarner Cable" ""
  Assets:US:BofA:Checking                          -79.99 USD
  Expenses:Home:Internet                            79.99 USD

2021-01-29 balance Assets:US:BofA:Checking        4437.79 USD

2021-02-03 * "RiverBank Properties" "Paying the rent"
  Assets:US:BofA:Checking                        -2400.00 USD
  Expenses:Home:Rent                              2400.00 USD

2021-02-04 * "BANK FEES" "Monthly bank fee"
  Assets:US:BofA:Checking                           -4.00 USD
  Expenses:Financial:Fees                            4.00 USD

2021-02-08 * "EDISON POWER" ""
  Assets:US:BofA:Checking                          -65.00 USD
  Expenses:Home:Electricity                         65.00 USD

2021-02-18 * "Verizon Wireless" ""
  Assets:US:BofA:Checking                          -35.42 USD
  Expenses:Home:Phone                               35.42 USD

2021-02-22 * "Wine-Tarner Cable" ""
  Assets:US:BofA:Checking                          -80.03 USD
  Expenses:Home:Internet                            80.03 USD

2021-02-23 balance Assets:US:BofA:Checking        3991.18 USD

2021-03-03 * "RiverBank Properties" "Paying the rent"
  Assets:US:BofA:Checking                        -2400.00 USD
  Expenses:Home:Rent                              2400.00 USD

2021-03-04 * "BANK FEES" "Monthly bank fee"
  Assets:US:BofA:Checking                           -4.00 USD
  Expenses:Financial:Fees                            4.00 USD

2021-03-08 * "EDISON POWER" ""
  Assets:US:BofA:Checking                          -65.00 USD
  Expenses:Home:Electricity                         65.00 USD

2021-03-20 * "Verizon Wireless" ""
  Assets:US:BofA:Checking                          -78.56 USD
  Expenses:Home:Phone                               78.56 USD

2021-03-23 * "Wine-Tarner Cable" ""
  Assets:US:BofA:Checking                          -80.22 USD
  Expenses:Home:Internet                            80.22 USD

2021-03-25 balance Assets:US:BofA:Checking        3481.33 USD

2021-04-04 * "BANK FEES" "Monthly bank fee"
  Assets:US:BofA:Checking                           -4.00 USD
  Expenses:Financial:Fees                            4.00 USD

2021-04-06 * "RiverBank Properties" "Paying the rent"
  Assets:US:BofA:Checking                        -2400.00 USD
  Expenses:Home:Rent                              2400.00 USD

2021-04-08 * "EDISON POWER" ""
  Assets:US:BofA:Checking                          -65.00 USD
  Expenses:Home:Electricity                         65.00 USD

2021-04-19 * "Verizon Wireless" ""
  Assets:US:BofA:Checking                          -63.10 USD
  Expenses:Home:Phone                               63.10 USD

2021-04-21 balance Assets:US:BofA:Checking        2886.90 USD

2021-04-23 * "Wine-Tarner Cable" ""
  Assets:US:BofA:Checking                          -79.76 USD
  Expenses:Home:Internet                            79.76 USD

2021-05-04 * "BANK FEES" "Monthly bank fee"
  Assets:US:BofA:Checking                           -4.00 USD
  Expenses:Financial:Fees                            4.00 USD

2021-05-05 * "RiverBank Properties" "Paying the rent"
  Assets:US:BofA:Checking                        -2400.00 USD
  Expenses:Home:Rent                              2400.00 USD

2021-05-08 * "EDISON POWER" ""
  Assets:US:BofA:Checking                          -65.00 USD
  Expenses:Home:Electricity                         65.00 USD

2021-05-16 balance Assets:US:BofA:Checking        2326.04 USD

2021-05-18 * "Verizon Wireless" ""
  Assets:US:BofA:Checking                          -67.79 USD
  Expenses:Home:Phone                               67.79 USD

2021-05-22 * "Wine-Tarner Cable" ""
  Assets:US:BofA:Checking                          -80.04 USD
  Expenses:Home:Internet                            80.04 USD

2021-06-03 * "RiverBank Properties" "Paying the rent"
  Assets:US:BofA:Checking                        -2400.00 USD
  Expenses:Home:Rent                              2400.00 USD

2021-06-04 * "BANK FEES" "Monthly bank fee"
  Assets:US:BofA:Checking                           -4.00 USD
  Expenses:Financial:Fees                            4.00 USD

2021-06-09 * "EDISON POWER" ""
  Assets:US:BofA:Checking                          -65.00 USD
  Expenses:Home:Electricity                         65.00 USD

2021-06-10 balance Assets:US:BofA:Checking         429.38 USD

2021-06-18 * "Verizon Wireless" ""
  Assets:US:BofA:Checking                          -59.08 USD
  Expenses:Home:Phone                               59.08 USD

2021-06-23 * "Wine-Tarner Cable" ""
  Assets:US:BofA:Checking                          -80.15 USD
  Expenses:Home:Internet                            80.15 USD

2021-07-04 * "BANK FEES" "Monthly bank fee"
  Assets:US:BofA:Checking                           -4.00 USD
  Expenses:Financial:Fees                            4.00 USD

2021-07-04 * "RiverBank Properties" "Paying the rent"
  Assets:US:BofA:Checking                        -2400.00 USD
  Expenses:Home:Rent                              2400.00 USD

2021-07-07 balance Assets:US:BofA:Checking         587.35 USD

2021-07-09 * "EDISON POWER" ""
  Assets:US:BofA:Checking                          -65.00 USD
  Expenses:Home:Electricity                         65.00 USD

2021-07-19 * "Verizon Wireless" ""
  Assets:US:BofA:Checking                          -60.96 USD
  Expenses:Home:Phone                               60.96 USD

2021-07-22 * "Wine-Tarner Cable" ""
  Assets:US:BofA:Checking                          -80.05 USD
  Expenses:Home:Internet                            80.05 USD

2021-08-03 balance Assets:US:BofA:Checking        2495.19 USD

2021-08-04 * "BANK FEES" "Monthly bank fee"
  Assets:US:BofA:Checking                           -4.00 USD
  Expenses:Financial:Fees                            4.00 USD

2021-08-04 * "RiverBank Properties" "Paying the rent"
  Assets:US:BofA:Checking                        -2400.00 USD
  Expenses:Home:Rent                              2400.00 USD

2021-08-08 * "EDISON POWER" ""
  Assets:US:BofA:Checking                          -65.00 USD
  Expenses:Home:Electricity                         65.00 USD

2021-08-19 * "Verizon Wireless" ""
  Assets:US:BofA:Checking                          -60.39 USD
  Expenses:Home:Phone                               60.39 USD

2021-08-20 * "Transfering accumulated savings to other account"
  Assets:US:BofA:Checking                           -3000 USD
  Assets:US:ETrade:Cash                              3000 USD

2021-08-23 * "Wine-Tarner Cable" ""
  Assets:US:BofA:Checking                          -80.10 USD
  Expenses:Home:Internet                            80.10 USD

2021-08-24 balance Assets:US:BofA:Checking         989.20 USD

2021-09-04 * "BANK FEES" "Monthly bank fee"
  Assets:US:BofA:Checking                           -4.00 USD
  Expenses:Financial:Fees                            4.00 USD

2021-09-05 * "RiverBank Properties" "Paying the rent"
  Assets:US:BofA:Checking                        -2400.00 USD
  Expenses:Home:Rent                              2400.00 USD

2021-09-09 * "EDISON POWER" ""
  Assets:US:BofA:Checking                          -65.00 USD
  Expenses:Home:Electricity                         65.00 USD

2021-09-16 balance Assets:US:BofA:Checking         563.13 USD

2021-09-20 * "Verizon Wireless" ""
  Assets:US:BofA:Checking                          -34.18 USD
  Expenses:Home:Phone                               34.18 USD

2021-09-21 * "Wine-Tarner Cable" ""
  Assets:US:BofA:Checking                          -80.00 USD
  Expenses:Home:Internet                            80.00 USD

2021-10-04 * "BANK FEES" "Monthly bank fee"
  Assets:US:BofA:Checking                           -4.00 USD
  Expenses:Financial:Fees                            4.00 USD

2021-10-04 * "RiverBank Properties" "Paying the rent"
  Assets:US:BofA:Checking                        -2400.00 USD
  Expenses:Home:Rent                              2400.00 USD

2021-10-07 balance Assets:US:BofA:Checking        3146.15 USD

2021-10-08 * "EDISON POWER" ""
  Assets:US:BofA:Checking                          -65.00 USD
  Expenses:Home:Electricity                         65.00 USD

2021-10-15 * "Transfering accumulated savings to other account"
  Assets:US:BofA:Checking                           -4500 USD
  Assets:US:ETrade:Cash                              4500 USD

2021-10-18 * "Verizon Wireless" ""
  Assets:US:BofA:Checking                          -59.61 USD
  Expenses:Home:Phone                               59.61 USD

2021-10-22 * "Wine-Tarner Cable" ""
  Assets:US:BofA:Checking                          -80.15 USD
  Expenses:Home:Internet                            80.15 USD

2021-10-27 balance Assets:US:BofA:Checking         291.74 USD

2021-11-04 * "BANK FEES" "Monthly bank fee"
  Assets:US:BofA:Checking                           -4.00 USD
  Expenses:Financial:Fees                            4.00 USD

2021-11-04 * "RiverBank Properties" "Paying the rent"
  Assets:US:BofA:Checking                        -2400.00 USD
  Expenses:Home:Rent                              2400.00 USD

2021-11-08 * "EDISON POWER" ""
  Assets:US:BofA:Checking                          -65.00 USD
  Expenses:Home:Electricity                         65.00 USD

2021-11-18 balance Assets:US:BofA:Checking        2086.72 USD

2021-11-18 * "Verizon Wireless" ""
  Assets:US:BofA:Checking                          -70.55 USD
  Expenses:Home:Phone                               70.55 USD

2021-11-21 * "Wine-Tarner Cable" ""
  Assets:US:BofA:Checking                          -80.00 USD
  Expenses:Home:Internet                            80.00 USD

2021-12-04 * "BANK FEES" "Monthly bank fee"
  Assets:US:BofA:Checking                           -4.00 USD
  Expenses:Financial:Fees                            4.00 USD

2021-12-06 * "RiverBank Properties" "Paying the rent"
  Assets:US:BofA:Checking                        -2400.00 USD
  Expenses:Home:Rent                              2400.00 USD

2021-12-08 * "EDISON POWER" ""
  Assets:US:BofA:Checking                          -65.00 USD
  Expenses:Home:Electricity                         65.00 USD

2021-12-10 balance Assets:US:BofA:Checking        4606.83 USD

2021-12-20 * "Verizon Wireless" ""
  Assets:US:BofA:Checking                          -66.86 USD
  Expenses:Home:Phone                               66.86 USD

2021-12-23 * "Wine-Tarner Cable" ""
  Assets:US:BofA:Checking                          -80.01 USD
  Expenses:Home:Internet                            80.01 USD

2021-12-30 balance Assets:US:BofA:Checking        6684.42 USD

2022-01-04 * "BANK FEES" "Monthly bank fee"
  Assets:US:BofA:Checking                           -4.00 USD
  Expenses:Financial:Fees                            4.00 USD

2022-01-06 * "RiverBank Properties" "Paying the rent"
  Assets:US:BofA:Checking                        -2400.00 USD
  Expenses:Home:Rent                              2400.00 USD

2022-01-08 * "EDISON POWER" ""
  Assets:US:BofA:Checking                          -65.00 USD
  Expenses:Home:Electricity                         65.00 USD

2022-01-20 * "Verizon Wireless" ""
  Assets:US:BofA:Checking                          -67.84 USD
  Expenses:Home:Phone                               67.84 USD

2022-01-22 balance Assets:US:BofA:Checking        6250.07 USD

2022-01-23 * "Wine-Tarner Cable" ""
  Assets:US:BofA:Checking                          -79.95 USD
  Expenses:Home:Internet                            79.95 USD

2022-02-04 * "BANK FEES" "Monthly bank fee"
  Assets:US:BofA:Checking                           -4.00 USD
  Expenses:Financial:Fees                            4.00 USD

2022-02-06 * "RiverBank Properties" "Paying the rent"
  Assets:US:BofA:Checking                        -2400.00 USD
  Expenses:Home:Rent                              2400.00 USD

2022-02-09 * "EDISON POWER" ""
  Assets:US:BofA:Checking                          -65.00 USD
  Expenses:Home:Electricity                         65.00 USD

2022-02-19 * "Verizon Wireless" ""
  Assets:US:BofA:Checking                          -72.88 USD
  Expenses:Home:Phone                               72.88 USD

2022-02-20 balance Assets:US:BofA:Checking        5657.83 USD

2022-02-21 * "Wine-Tarner Cable" ""
  Assets:US:BofA:Checking                          -80.06 USD
  Expenses:Home:Internet                            80.06 USD

2022-03-04 * "BANK FEES" "Monthly bank fee"
  Assets:US:BofA:Checking                           -4.00 USD
  Expenses:Financial:Fees                            4.00 USD

2022-03-04 * "RiverBank Properties" "Paying the rent"
  Assets:US:BofA:Checking                        -2400.00 USD
  Expenses:Home:Rent                              2400.00 USD

2022-03-09 * "EDISON POWER" ""
  Assets:US:BofA:Checking                          -65.00 USD
  Expenses:Home:Electricity                         65.00 USD

2022-03-19 * "Verizon Wireless" ""
  Assets:US:BofA:Checking                          -45.85 USD
  Expenses:Home:Phone                               45.85 USD

2022-03-22 balance Assets:US:BofA:Checking        4547.57 USD

2022-03-23 * "Wine-Tarner Cable" ""
  Assets:US:BofA:Checking                          -80.10 USD
  Expenses:Home:Internet                            80.10 USD

2022-04-04 * "BANK FEES" "Monthly bank fee"
  Assets:US:BofA:Checking                           -4.00 USD
  Expenses:Financial:Fees                            4.00 USD

2022-04-05 * "RiverBank Properties" "Paying the rent"
  Assets:US:BofA:Checking                        -2400.00 USD
  Expenses:Home:Rent                              2400.00 USD

2022-04-09 * "EDISON POWER" ""
  Assets:US:BofA:Checking                          -65.00 USD
  Expenses:Home:Electricity                         65.00 USD

2022-04-18 balance Assets:US:BofA:Checking        3965.32 USD

2022-04-20 * "Verizon Wireless" ""
  Assets:US:BofA:Checking                          -66.14 USD
  Expenses:Home:Phone                               66.14 USD

2022-04-23 * "Wine-Tarner Cable" ""
  Assets:US:BofA:Checking                          -80.05 USD
  Expenses:Home:Internet                            80.05 USD

2022-05-03 * "RiverBank Properties" "Paying the rent"
  Assets:US:BofA:Checking                        -2400.00 USD
  Expenses:Home:Rent                              2400.00 USD

2022-05-04 * "BANK FEES" "Monthly bank fee"
  Assets:US:BofA:Checking                           -4.00 USD
  Expenses:Financial:Fees                            4.00 USD

2022-05-09 * "EDISON POWER" ""
  Assets:US:BofA:Checking                          -65.00 USD
  Expenses:Home:Electricity                         65.00 USD

2022-05-10 balance Assets:US:BofA:Checking        2189.28 USD

2022-05-19 * "Verizon Wireless" ""
  Assets:US:BofA:Checking                          -66.94 USD
  Expenses:Home:Phone                               66.94 USD

2022-05-23 * "Wine-Tarner Cable" ""
  Assets:US:BofA:Checking                          -79.95 USD
  Expenses:Home:Internet                            79.95 USD

2022-05-30 balance Assets:US:BofA:Checking        4743.59 USD

2022-06-03 * "RiverBank Properties" "Paying the rent"
  Assets:US:BofA:Checking                        -2400.00 USD
  Expenses:Home:Rent                              2400.00 USD

2022-06-04 * "BANK FEES" "Monthly bank fee"
  Assets:US:BofA:Checking                           -4.00 USD
  Expenses:Financial:Fees                            4.00 USD

2022-06-09 * "EDISON POWER" ""
  Assets:US:BofA:Checking                          -65.00 USD
  Expenses:Home:Electricity                         65.00 USD

2022-06-19 * "Verizon Wireless" ""
  Assets:US:BofA:Checking                          -68.46 USD
  Expenses:Home:Phone                               68.46 USD

2022-06-22 * "Wine-Tarner Cable" ""
  Assets:US:BofA:Checking                          -79.90 USD
  Expenses:Home:Internet                            79.90 USD

2022-06-27 balance Assets:US:BofA:Checking        4096.33 USD

2022-07-04 * "BANK FEES" "Monthly bank fee"
  Assets:US:BofA:Checking                           -4.00 USD
  Expenses:Financial:Fees                            4.00 USD

2022-07-06 * "RiverBank Properties" "Paying the rent"
  Assets:US:BofA:Checking                        -2400.00 USD
  Expenses:Home:Rent                              2400.00 USD

2022-07-09 * "EDISON POWER" ""
  Assets:US:BofA:Checking                          -65.00 USD
  Expenses:Home:Electricity                         65.00 USD

2022-07-17 balance Assets:US:BofA:Checking        2214.04 USD

2022-07-19 * "Verizon Wireless" ""
  Assets:US:BofA:Checking                          -57.41 USD
  Expenses:Home:Phone                               57.41 USD

2022-07-23 * "Wine-Tarner Cable" ""
  Assets:US:BofA:Checking                          -80.03 USD
  Expenses:Home:Internet                            80.03 USD

2022-08-04 * "BANK FEES" "Monthly bank fee"
  Assets:US:BofA:Checking                           -4.00 USD
  Expenses:Financial:Fees                            4.00 USD

2022-08-06 * "RiverBank Properties" "Paying the rent"
  Assets:US:BofA:Checking                        -2400.00 USD
  Expenses:Home:Rent                              2400.00 USD

2022-08-09 * "EDISON POWER" ""
  Assets:US:BofA:Checking                          -65.00 USD
  Expenses:Home:Electricity                         65.00 USD

2022-08-13 balance Assets:US:BofA:Checking        2673.62 USD

2022-08-19 * "Verizon Wireless" ""
  Assets:US:BofA:Checking                          -64.72 USD
  Expenses:Home:Phone                               64.72 USD

2022-08-19 * "Transfering accumulated savings to other account"
  Assets:US:BofA:Checking                           -4500 USD
  Assets:US:ETrade:Cash                              4500 USD

2022-08-21 * "Wine-Tarner Cable" ""
  Assets:US:BofA:Checking                          -79.84 USD
  Expenses:Home:Internet                            79.84 USD

2022-09-03 * "RiverBank Properties" "Paying the rent"
  Assets:US:BofA:Checking                        -2400.00 USD
  Expenses:Home:Rent                              2400.00 USD

2022-09-04 * "BANK FEES" "Monthly bank fee"
  Assets:US:BofA:Checking                           -4.00 USD
  Expenses:Financial:Fees                            4.00 USD

2022-09-09 * "EDISON POWER" ""
  Assets:US:BofA:Checking                          -65.00 USD
  Expenses:Home:Electricity                         65.00 USD

2022-09-12 balance Assets:US:BofA:Checking         248.12 USD

2022-09-19 * "Verizon Wireless" ""
  Assets:US:BofA:Checking                          -70.30 USD
  Expenses:Home:Phone                               70.30 USD

2022-09-23 * "Wine-Tarner Cable" ""
  Assets:US:BofA:Checking                          -79.90 USD
  Expenses:Home:Internet                            79.90 USD

2022-10-04 * "BANK FEES" "Monthly bank fee"
  Assets:US:BofA:Checking                           -4.00 USD
  Expenses:Financial:Fees                            4.00 USD

2022-10-05 * "RiverBank Properties" "Paying the rent"
  Assets:US:BofA:Checking                        -2400.00 USD
  Expenses:Home:Rent                              2400.00 USD

2022-10-08 balance Assets:US:BofA:Checking        2795.12 USD

2022-10-08 * "EDISON POWER" ""
  Assets:US:BofA:Checking                          -65.00 USD
  Expenses:Home:Electricity                         65.00 USD

2022-10-14 * "Transfering accumulated savings to other account"
  Assets:US:BofA:Checking                           -4000 USD
  Assets:US:ETrade:Cash                              4000 USD

2022-10-20 * "Verizon Wireless" ""
  Assets:US:BofA:Checking                          -64.26 USD
  Expenses:Home:Phone                               64.26 USD

2022-10-21 * "Wine-Tarner Cable" ""
  Assets:US:BofA:Checking                          -80.08 USD
  Expenses:Home:Internet                            80.08 USD

2022-10-30 balance Assets:US:BofA:Checking        3104.25 USD

2022-11-04 * "BANK FEES" "Monthly bank fee"
  Assets:US:BofA:Checking                           -4.00 USD
  Expenses:Financial:Fees                            4.00 USD

2022-11-04 * "RiverBank Properties" "Paying the rent"
  Assets:US:BofA:Checking                        -2400.00 USD
  Expenses:Home:Rent                              2400.00 USD

2022-11-08 * "EDISON POWER" ""
  Assets:US:BofA:Checking                          -65.00 USD
  Expenses:Home:Electricity                         65.00 USD

2022-11-20 * "Verizon Wireless" ""
  Assets:US:BofA:Checking                          -61.14 USD
  Expenses:Home:Phone                               61.14 USD

2022-11-23 * "Wine-Tarner Cable" ""
  Assets:US:BofA:Checking                          -79.92 USD
  Expenses:Home:Internet                            79.92 USD

2022-11-26 balance Assets:US:BofA:Checking        4512.48 USD

2022-12-04 * "BANK FEES" "Monthly bank fee"
  Assets:US:BofA:Checking                           -4.00 USD
  Expenses:Financial:Fees                            4.00 USD

2022-12-06 * "RiverBank Properties" "Paying the rent"
  Assets:US:BofA:Checking                        -2400.00 USD
  Expenses:Home:Rent                              2400.00 USD

2022-12-09 * "EDISON POWER" ""
  Assets:US:BofA:Checking                          -65.00 USD
  Expenses:Home:Electricity                         65.00 USD

2022-12-09 * "Transfering accumulated savings to other account"
  Assets:US:BofA:Checking                           -3500 USD
  Assets:US:ETrade:Cash                              3500 USD

2022-12-18 * "Verizon Wireless" ""
  Assets:US:BofA:Checking                          -65.27 USD
  Expenses:Home:Phone                               65.27 USD

2022-12-22 * "Wine-Tarner Cable" ""
  Assets:US:BofA:Checking                          -80.20 USD
  Expenses:Home:Internet                            80.20 USD

2022-12-23 balance Assets:US:BofA:Checking        3328.24 USD

2023-01-04 * "BANK FEES" "Monthly bank fee"
  Assets:US:BofA:Checking                           -4.00 USD
  Expenses:Financial:Fees                            4.00 USD

2023-01-06 * "RiverBank Properties" "Paying the rent"
  Assets:US:BofA:Checking                        -2400.00 USD
  Expenses:Home:Rent                              2400.00 USD

2023-01-08 * "EDISON POWER" ""
  Assets:US:BofA:Checking                          -65.00 USD
  Expenses:Home:Electricity                         65.00 USD

2023-01-18 * "Verizon Wireless" ""
  Assets:US:BofA:Checking                          -67.02 USD
  Expenses:Home:Phone                               67.02 USD

2023-01-20 * "Transfering accumulated savings to other account"
  Assets:US:BofA:Checking                           -3000 USD
  Assets:US:ETrade:Cash                              3000 USD

2023-01-22 balance Assets:US:BofA:Checking         493.42 USD

2023-01-22 * "Wine-Tarner Cable" ""
  Assets:US:BofA:Checking                          -80.07 USD
  Expenses:Home:Internet                            80.07 USD

2023-02-04 * "BANK FEES" "Monthly bank fee"
  Assets:US:BofA:Checking                           -4.00 USD
  Expenses:Financial:Fees                            4.00 USD



* Credit-Cards

1980-05-12 open Liabilities:US:Chase:Slate                      USD

2021-01-06 * "Uncle Boons" "Eating out with Joe"
  Liabilities:US:Chase:Slate                        -9.93 USD
  Expenses:Food:Restaurant                           9.93 USD

2021-01-08 * "Chichipotle" "Eating out with Natasha"
  Liabilities:US:Chase:Slate                       -28.10 USD
  Expenses:Food:Restaurant                          28.10 USD

2021-01-09 * "Corner Deli" "Buying groceries"
  Liabilities:US:Chase:Slate                       -84.70 USD
  Expenses:Food:Groceries                           84.70 USD

2021-01-09 * "Chase:Slate" "Paying off credit card"
  Liabilities:US:Chase:Slate                       122.73 USD
  Assets:US:BofA:Checking                         -122.73 USD

2021-01-11 * "Kin Soy" "Eating out with Natasha"
  Liabilities:US:Chase:Slate                       -53.67 USD
  Expenses:Food:Restaurant                          53.67 USD

2021-01-13 * "Jewel of Morroco" "Eating out with Julie"
  Liabilities:US:Chase:Slate                       -16.60 USD
  Expenses:Food:Restaurant                          16.60 USD

2021-01-18 * "Cafe Modagor" "Eating out with Natasha"
  Liabilities:US:Chase:Slate                       -30.45 USD
  Expenses:Food:Restaurant                          30.45 USD

2021-01-21 balance Liabilities:US:Chase:Slate     -100.72 USD

2021-01-22 * "Goba Goba" "Eating out with work buddies"
  Liabilities:US:Chase:Slate                       -30.76 USD
  Expenses:Food:Restaurant                          30.76 USD

2021-01-22 * "Onion Market" "Buying groceries"
  Liabilities:US:Chase:Slate                       -90.75 USD
  Expenses:Food:Groceries                           90.75 USD

2021-01-23 * "Uncle Boons" "Eating out "
  Liabilities:US:Chase:Slate                       -33.91 USD
  Expenses:Food:Restaurant                          33.91 USD

2021-01-26 * "Goba Goba" "Eating out "
  Liabilities:US:Chase:Slate                       -19.29 USD
  Expenses:Food:Restaurant                          19.29 USD

2021-01-29 * "Uncle Boons" "Eating out with Bill"
  Liabilities:US:Chase:Slate                       -23.27 USD
  Expenses:Food:Restaurant                          23.27 USD

2021-01-29 * "Metro Transport Authority" "Tram tickets"
  Liabilities:US:Chase:Slate                      -120.00 USD
  Expenses:Transport:Tram                          120.00 USD

2021-02-03 * "Jewel of Morroco" "Eating out with Julie"
  Liabilities:US:Chase:Slate                       -24.36 USD
  Expenses:Food:Restaurant                          24.36 USD

2021-02-05 * "Uncle Boons" "Eating out alone"
  Liabilities:US:Chase:Slate                       -25.08 USD
  Expenses:Food:Restaurant                          25.08 USD

2021-02-07 * "Corner Deli" "Buying groceries"
  Liabilities:US:Chase:Slate                       -78.00 USD
  Expenses:Food:Groceries                           78.00 USD

2021-02-08 * "Chase:Slate" "Paying off credit card"
  Liabilities:US:Chase:Slate                       563.36 USD
  Assets:US:BofA:Checking                         -563.36 USD

2021-02-10 * "Rose Flower" "Eating out with Natasha"
  Liabilities:US:Chase:Slate                       -17.22 USD
  Expenses:Food:Restaurant                          17.22 USD

2021-02-12 * "Farmer Fresh" "Buying groceries"
  Liabilities:US:Chase:Slate                       -68.10 USD
  Expenses:Food:Groceries                           68.10 USD

2021-02-13 * "Cafe Modagor" "Eating out with Julie"
  Liabilities:US:Chase:Slate                       -48.85 USD
  Expenses:Food:Restaurant                          48.85 USD

2021-02-14 balance Liabilities:US:Chase:Slate     -116.95 USD

2021-02-18 * "China Garden" "Eating out with Bill"
  Liabilities:US:Chase:Slate                       -21.24 USD
  Expenses:Food:Restaurant                          21.24 USD

2021-02-18 * "Corner Deli" "Buying groceries"
  Liabilities:US:Chase:Slate                       -77.61 USD
  Expenses:Food:Groceries                           77.61 USD

2021-02-21 * "Goba Goba" "Eating out with Joe"
  Liabilities:US:Chase:Slate                       -19.07 USD
  Expenses:Food:Restaurant                          19.07 USD

2021-02-23 * "Kin Soy" "Eating out "
  Liabilities:US:Chase:Slate                       -18.21 USD
  Expenses:Food:Restaurant                          18.21 USD

2021-02-25 * "Rose Flower" "Eating out after work"
  Liabilities:US:Chase:Slate                       -56.90 USD
  Expenses:Food:Restaurant                          56.90 USD

2021-03-01 * "Farmer Fresh" "Buying groceries"
  Liabilities:US:Chase:Slate                       -60.02 USD
  Expenses:Food:Groceries                           60.02 USD

2021-03-02 * "Jewel of Morroco" "Eating out after work"
  Liabilities:US:Chase:Slate                       -57.51 USD
  Expenses:Food:Restaurant                          57.51 USD

2021-03-02 * "Metro Transport Authority" "Tram tickets"
  Liabilities:US:Chase:Slate                      -120.00 USD
  Expenses:Transport:Tram                          120.00 USD

2021-03-07 * "Rose Flower" "Eating out with work buddies"
  Liabilities:US:Chase:Slate                       -35.76 USD
  Expenses:Food:Restaurant                          35.76 USD

2021-03-07 * "Chase:Slate" "Paying off credit card"
  Liabilities:US:Chase:Slate                       583.27 USD
  Assets:US:BofA:Checking                         -583.27 USD

2021-03-12 * "Cafe Modagor" "Eating out after work"
  Liabilities:US:Chase:Slate                       -21.00 USD
  Expenses:Food:Restaurant                          21.00 USD

2021-03-13 * "Uncle Boons" "Eating out "
  Liabilities:US:Chase:Slate                       -22.61 USD
  Expenses:Food:Restaurant                          22.61 USD

2021-03-13 * "Farmer Fresh" "Buying groceries"
  Liabilities:US:Chase:Slate                       -88.21 USD
  Expenses:Food:Groceries                           88.21 USD

2021-03-14 balance Liabilities:US:Chase:Slate     -131.82 USD

2021-03-17 * "Rose Flower" "Eating out with Natasha"
  Liabilities:US:Chase:Slate                       -18.12 USD
  Expenses:Food:Restaurant                          18.12 USD

2021-03-18 * "Rose Flower" "Eating out with Bill"
  Liabilities:US:Chase:Slate                       -71.33 USD
  Expenses:Food:Restaurant                          71.33 USD

2021-03-22 * "Rose Flower" "Eating out with Bill"
  Liabilities:US:Chase:Slate                       -26.27 USD
  Expenses:Food:Restaurant                          26.27 USD

2021-03-25 * "Cafe Modagor" "Eating out with Julie"
  Liabilities:US:Chase:Slate                       -31.45 USD
  Expenses:Food:Restaurant                          31.45 USD

2021-03-28 * "Jewel of Morroco" "Eating out alone"
  Liabilities:US:Chase:Slate                       -35.47 USD
  Expenses:Food:Restaurant                          35.47 USD

2021-03-29 * "Onion Market" "Buying groceries"
  Liabilities:US:Chase:Slate                       -69.70 USD
  Expenses:Food:Groceries                           69.70 USD

2021-04-01 * "Uncle Boons" "Eating out alone"
  Liabilities:US:Chase:Slate                       -66.68 USD
  Expenses:Food:Restaurant                          66.68 USD

2021-04-03 * "Metro Transport Authority" "Tram tickets"
  Liabilities:US:Chase:Slate                      -120.00 USD
  Expenses:Transport:Tram                          120.00 USD

2021-04-05 * "China Garden" "Eating out with Natasha"
  Liabilities:US:Chase:Slate                       -26.42 USD
  Expenses:Food:Restaurant                          26.42 USD

2021-04-08 * "Jewel of Morroco" "Eating out after work"
  Liabilities:US:Chase:Slate                       -13.06 USD
  Expenses:Food:Restaurant                          13.06 USD

2021-04-09 * "Chichipotle" "Eating out after work"
  Liabilities:US:Chase:Slate                       -21.62 USD
  Expenses:Food:Restaurant                          21.62 USD

2021-04-10 balance Liabilities:US:Chase:Slate     -631.94 USD

2021-04-10 * "Chase:Slate" "Paying off credit card"
  Liabilities:US:Chase:Slate                       763.53 USD
  Assets:US:BofA:Checking                         -763.53 USD

2021-04-11 * "Onion Market" "Buying groceries"
  Liabilities:US:Chase:Slate                      -131.59 USD
  Expenses:Food:Groceries                          131.59 USD

2021-04-12 * "Kin Soy" "Eating out with work buddies"
  Liabilities:US:Chase:Slate                       -33.10 USD
  Expenses:Food:Restaurant                          33.10 USD

2021-04-15 * "Cafe Modagor" "Eating out with Bill"
  Liabilities:US:Chase:Slate                       -21.79 USD
  Expenses:Food:Restaurant                          21.79 USD

2021-04-19 * "China Garden" "Eating out with Bill"
  Liabilities:US:Chase:Slate                       -32.65 USD
  Expenses:Food:Restaurant                          32.65 USD

2021-04-20 * "Kin Soy" "Eating out alone"
  Liabilities:US:Chase:Slate                       -47.29 USD
  Expenses:Food:Restaurant                          47.29 USD

2021-04-21 * "Uncle Boons" "Eating out after work"
  Liabilities:US:Chase:Slate                       -17.81 USD
  Expenses:Food:Restaurant                          17.81 USD

2021-04-26 * "Jewel of Morroco" "Eating out "
  Liabilities:US:Chase:Slate                       -24.27 USD
  Expenses:Food:Restaurant                          24.27 USD

2021-04-27 * "Kin Soy" "Eating out "
  Liabilities:US:Chase:Slate                       -40.03 USD
  Expenses:Food:Restaurant                          40.03 USD

2021-04-28 * "Rose Flower" "Eating out with Bill"
  Liabilities:US:Chase:Slate                       -16.82 USD
  Expenses:Food:Restaurant                          16.82 USD

2021-04-28 * "Farmer Fresh" "Buying groceries"
  Liabilities:US:Chase:Slate                      -107.64 USD
  Expenses:Food:Groceries                          107.64 USD

2021-05-01 * "Goba Goba" "Eating out with Natasha"
  Liabilities:US:Chase:Slate                       -31.22 USD
  Expenses:Food:Restaurant                          31.22 USD

2021-05-04 * "Metro Transport Authority" "Tram tickets"
  Liabilities:US:Chase:Slate                      -120.00 USD
  Expenses:Transport:Tram                          120.00 USD

2021-05-05 * "Jewel of Morroco" "Eating out with Joe"
  Liabilities:US:Chase:Slate                      -122.78 USD
  Expenses:Food:Restaurant                         122.78 USD

2021-05-06 * "Cafe Modagor" "Eating out with work buddies"
  Liabilities:US:Chase:Slate                       -35.38 USD
  Expenses:Food:Restaurant                          35.38 USD

2021-05-09 balance Liabilities:US:Chase:Slate     -650.78 USD

2021-05-09 * "Chase:Slate" "Paying off credit card"
  Liabilities:US:Chase:Slate                       713.30 USD
  Assets:US:BofA:Checking                         -713.30 USD

2021-05-11 * "Goba Goba" "Eating out after work"
  Liabilities:US:Chase:Slate                       -62.52 USD
  Expenses:Food:Restaurant                          62.52 USD

2021-05-12 * "Rose Flower" "Eating out with Joe"
  Liabilities:US:Chase:Slate                       -20.64 USD
  Expenses:Food:Restaurant                          20.64 USD

2021-05-14 * "Onion Market" "Buying groceries"
  Liabilities:US:Chase:Slate                       -93.97 USD
  Expenses:Food:Groceries                           93.97 USD

2021-05-17 * "Cafe Modagor" "Eating out after work"
  Liabilities:US:Chase:Slate                       -37.66 USD
  Expenses:Food:Restaurant                          37.66 USD

2021-05-20 * "Kin Soy" "Eating out with work buddies"
  Liabilities:US:Chase:Slate                       -43.29 USD
  Expenses:Food:Restaurant                          43.29 USD

2021-05-25 * "Goba Goba" "Eating out with Joe"
  Liabilities:US:Chase:Slate                       -39.62 USD
  Expenses:Food:Restaurant                          39.62 USD

2021-05-27 * "Onion Market" "Buying groceries"
  Liabilities:US:Chase:Slate                       -67.15 USD
  Expenses:Food:Groceries                           67.15 USD

2021-05-29 * "Kin Soy" "Eating out with Julie"
  Liabilities:US:Chase:Slate                       -34.77 USD
  Expenses:Food:Restaurant                          34.77 USD

2021-05-30 balance Liabilities:US:Chase:Slate     -337.10 USD

2021-05-31 * "Chichipotle" "Eating out with Julie"
  Liabilities:US:Chase:Slate                       -31.00 USD
  Expenses:Food:Restaurant                          31.00 USD

2021-06-04 * "China Garden" "Eating out with Joe"
  Liabilities:US:Chase:Slate                       -27.51 USD
  Expenses:Food:Restaurant                          27.51 USD

2021-06-05 * "Goba Goba" "Eating out after work"
  Liabilities:US:Chase:Slate                       -45.81 USD
  Expenses:Food:Restaurant                          45.81 USD

2021-06-06 * "Metro Transport Authority" "Tram tickets"
  Liabilities:US:Chase:Slate                      -120.00 USD
  Expenses:Transport:Tram                          120.00 USD

2021-06-08 * "Rose Flower" "Eating out with Joe"
  Liabilities:US:Chase:Slate                       -37.68 USD
  Expenses:Food:Restaurant                          37.68 USD

2021-06-09 * "Cafe Modagor" "Eating out "
  Liabilities:US:Chase:Slate                       -31.33 USD
  Expenses:Food:Restaurant                          31.33 USD

2021-06-09 * "Chase:Slate" "Paying off credit card"
  Liabilities:US:Chase:Slate                       630.43 USD
  Assets:US:BofA:Checking                         -630.43 USD

2021-06-13 * "Kin Soy" "Eating out "
  Liabilities:US:Chase:Slate                       -33.89 USD
  Expenses:Food:Restaurant                          33.89 USD

2021-06-14 * "Corner Deli" "Buying groceries"
  Liabilities:US:Chase:Slate                       -48.34 USD
  Expenses:Food:Groceries                           48.34 USD

2021-06-15 * "Kin Soy" "Eating out with Natasha"
  Liabilities:US:Chase:Slate                       -46.46 USD
  Expenses:Food:Restaurant                          46.46 USD

2021-06-20 balance Liabilities:US:Chase:Slate     -128.69 USD

2021-06-20 * "Cafe Modagor" "Eating out with Bill"
  Liabilities:US:Chase:Slate                       -22.06 USD
  Expenses:Food:Restaurant                          22.06 USD

2021-06-21 * "Goba Goba" "Eating out alone"
  Liabilities:US:Chase:Slate                       -23.67 USD
  Expenses:Food:Restaurant                          23.67 USD

2021-06-23 * "Good Moods Market" "Buying groceries"
  Liabilities:US:Chase:Slate                       -98.29 USD
  Expenses:Food:Groceries                           98.29 USD

2021-06-26 * "Chichipotle" "Eating out with Natasha"
  Liabilities:US:Chase:Slate                       -57.71 USD
  Expenses:Food:Restaurant                          57.71 USD

2021-06-29 * "China Garden" "Eating out with Julie"
  Liabilities:US:Chase:Slate                       -24.40 USD
  Expenses:Food:Restaurant                          24.40 USD

2021-07-02 * "Good Moods Market" "Buying groceries"
  Liabilities:US:Chase:Slate                       -59.21 USD
  Expenses:Food:Groceries                           59.21 USD

2021-07-04 * "Goba Goba" "Eating out "
  Liabilities:US:Chase:Slate                       -31.36 USD
  Expenses:Food:Restaurant                          31.36 USD

2021-07-05 * "Metro Transport Authority" "Tram tickets"
  Liabilities:US:Chase:Slate                      -120.00 USD
  Expenses:Transport:Tram                          120.00 USD

2021-07-07 * "Chase:Slate" "Paying off credit card"
  Liabilities:US:Chase:Slate                       587.35 USD
  Assets:US:BofA:Checking                         -587.35 USD

2021-07-09 * "Goba Goba" "Eating out with Joe"
  Liabilities:US:Chase:Slate                       -21.96 USD
  Expenses:Food:Restaurant                          21.96 USD

2021-07-13 * "Kin Soy" "Eating out with Julie"
  Liabilities:US:Chase:Slate                       -16.93 USD
  Expenses:Food:Restaurant                          16.93 USD

2021-07-16 * "Rose Flower" "Eating out alone"
  Liabilities:US:Chase:Slate                       -30.00 USD
  Expenses:Food:Restaurant                          30.00 USD

2021-07-17 * "Farmer Fresh" "Buying groceries"
  Liabilities:US:Chase:Slate                       -55.04 USD
  Expenses:Food:Groceries                           55.04 USD

2021-07-18 * "Rose Flower" "Eating out with Bill"
  Liabilities:US:Chase:Slate                       -28.84 USD
  Expenses:Food:Restaurant                          28.84 USD

2021-07-19 balance Liabilities:US:Chase:Slate     -130.81 USD

2021-07-20 * "Kin Soy" "Eating out alone"
  Liabilities:US:Chase:Slate                       -62.27 USD
  Expenses:Food:Restaurant                          62.27 USD

2021-07-21 * "Jewel of Morroco" "Eating out after work"
  Liabilities:US:Chase:Slate                       -56.77 USD
  Expenses:Food:Restaurant                          56.77 USD

2021-07-25 * "China Garden" "Eating out with work buddies"
  Liabilities:US:Chase:Slate                       -11.96 USD
  Expenses:Food:Restaurant                          11.96 USD

2021-07-27 * "Rose Flower" "Eating out with Joe"
  Liabilities:US:Chase:Slate                       -45.10 USD
  Expenses:Food:Restaurant                          45.10 USD

2021-07-31 * "Corner Deli" "Buying groceries"
  Liabilities:US:Chase:Slate                       -99.25 USD
  Expenses:Food:Groceries                           99.25 USD

2021-08-01 * "Cafe Modagor" "Eating out alone"
  Liabilities:US:Chase:Slate                       -48.68 USD
  Expenses:Food:Restaurant                          48.68 USD

2021-08-03 event "location" "Boston"

2021-08-04 * "Franklin Cafe" "" #trip-boston-2021
  Liabilities:US:Chase:Slate                       -29.19 USD
  Expenses:Food:Restaurant                          29.19 USD

2021-08-04 * "Starbucks" "" #trip-boston-2021
  Liabilities:US:Chase:Slate                        -5.12 USD
  Expenses:Food:Coffee                               5.12 USD

2021-08-05 * "Starbucks" "" #trip-boston-2021
  Liabilities:US:Chase:Slate                        -6.15 USD
  Expenses:Food:Coffee                               6.15 USD

2021-08-06 * "Giacomo's Restaurant" "" #trip-boston-2021
  Liabilities:US:Chase:Slate                       -43.44 USD
  Expenses:Food:Restaurant                          43.44 USD

2021-08-06 * "Starbucks" "" #trip-boston-2021
  Liabilities:US:Chase:Slate                        -5.49 USD
  Expenses:Food:Coffee                               5.49 USD

2021-08-07 * "Franklin Cafe" "" #trip-boston-2021
  Liabilities:US:Chase:Slate                       -31.64 USD
  Expenses:Food:Restaurant                          31.64 USD

2021-08-09 * "Giacomo's Restaurant" "" #trip-boston-2021
  Liabilities:US:Chase:Slate                       -44.76 USD
  Expenses:Food:Restaurant                          44.76 USD

2021-08-09 * "Chase:Slate" "Paying off credit card"
  Liabilities:US:Chase:Slate                       497.70 USD
  Assets:US:BofA:Checking                         -497.70 USD

2021-08-10 * "Giacomo's Restaurant" "" #trip-boston-2021
  Liabilities:US:Chase:Slate                       -43.00 USD
  Expenses:Food:Restaurant                          43.00 USD

2021-08-10 * "Legal Seafood" "" #trip-boston-2021
  Liabilities:US:Chase:Slate                       -33.74 USD
  Expenses:Food:Restaurant                          33.74 USD

2021-08-11 balance Liabilities:US:Chase:Slate     -199.67 USD

2021-08-11 * "Franklin Cafe" "" #trip-boston-2021
  Liabilities:US:Chase:Slate                       -27.86 USD
  Expenses:Food:Restaurant                          27.86 USD

2021-08-11 * "Consume vacation days"
  Assets:US:Hooli:Vacation                            -64 VACHR
  Expenses:Vacation                                    64 VACHR

2021-08-11 event "location" "New Metropolis"

2021-08-12 * "Cafe Modagor" "Eating out with Bill"
  Liabilities:US:Chase:Slate                       -42.86 USD
  Expenses:Food:Restaurant                          42.86 USD

2021-08-17 * "Goba Goba" "Eating out alone"
  Liabilities:US:Chase:Slate                       -26.35 USD
  Expenses:Food:Restaurant                          26.35 USD

2021-08-17 * "Corner Deli" "Buying groceries"
  Liabilities:US:Chase:Slate                      -104.81 USD
  Expenses:Food:Groceries                          104.81 USD

2021-08-22 * "Jewel of Morroco" "Eating out with Natasha"
  Liabilities:US:Chase:Slate                       -31.52 USD
  Expenses:Food:Restaurant                          31.52 USD

2021-08-26 * "Kin Soy" "Eating out after work"
  Liabilities:US:Chase:Slate                       -34.66 USD
  Expenses:Food:Restaurant                          34.66 USD

2021-08-31 * "Rose Flower" "Eating out alone"
  Liabilities:US:Chase:Slate                       -26.90 USD
  Expenses:Food:Restaurant                          26.90 USD

2021-09-01 * "Corner Deli" "Buying groceries"
  Liabilities:US:Chase:Slate                       -76.08 USD
  Expenses:Food:Groceries                           76.08 USD

2021-09-04 * "Chichipotle" "Eating out with Bill"
  Liabilities:US:Chase:Slate                       -16.46 USD
  Expenses:Food:Restaurant                          16.46 USD

2021-09-07 * "Metro Transport Authority" "Tram tickets"
  Liabilities:US:Chase:Slate                      -120.00 USD
  Expenses:Transport:Tram                          120.00 USD

2021-09-08 balance Liabilities:US:Chase:Slate     -707.17 USD

2021-09-09 * "Kin Soy" "Eating out with work buddies"
  Liabilities:US:Chase:Slate                       -20.05 USD
  Expenses:Food:Restaurant                          20.05 USD

2021-09-10 * "Goba Goba" "Eating out with work buddies"
  Liabilities:US:Chase:Slate                       -23.34 USD
  Expenses:Food:Restaurant                          23.34 USD

2021-09-11 * "Chase:Slate" "Paying off credit card"
  Liabilities:US:Chase:Slate                       507.67 USD
  Assets:US:BofA:Checking                         -507.67 USD

2021-09-15 * "Rose Flower" "Eating out after work"
  Liabilities:US:Chase:Slate                       -27.50 USD
  Expenses:Food:Restaurant                          27.50 USD

2021-09-15 * "Onion Market" "Buying groceries"
  Liabilities:US:Chase:Slate                       -82.55 USD
  Expenses:Food:Groceries                           82.55 USD

2021-09-20 * "Rose Flower" "Eating out "
  Liabilities:US:Chase:Slate                       -30.74 USD
  Expenses:Food:Restaurant                          30.74 USD

2021-09-22 * "Jewel of Morroco" "Eating out with work buddies"
  Liabilities:US:Chase:Slate                       -23.71 USD
  Expenses:Food:Restaurant                          23.71 USD

2021-09-24 * "Rose Flower" "Eating out with work buddies"
  Liabilities:US:Chase:Slate                       -54.04 USD
  Expenses:Food:Restaurant                          54.04 USD

2021-09-25 * "Chichipotle" "Eating out after work"
  Liabilities:US:Chase:Slate                       -53.77 USD
  Expenses:Food:Restaurant                          53.77 USD

2021-09-28 * "Chichipotle" "Eating out with work buddies"
  Liabilities:US:Chase:Slate                       -68.00 USD
  Expenses:Food:Restaurant                          68.00 USD

2021-10-02 * "Rose Flower" "Eating out with Natasha"
  Liabilities:US:Chase:Slate                       -20.55 USD
  Expenses:Food:Restaurant                          20.55 USD

2021-10-04 * "Kin Soy" "Eating out after work"
  Liabilities:US:Chase:Slate                       -28.01 USD
  Expenses:Food:Restaurant                          28.01 USD

2021-10-05 * "Onion Market" "Buying groceries"
  Liabilities:US:Chase:Slate                      -156.94 USD
  Expenses:Food:Groceries                          156.94 USD

2021-10-06 balance Liabilities:US:Chase:Slate     -788.70 USD

2021-10-07 * "Metro Transport Authority" "Tram tickets"
  Liabilities:US:Chase:Slate                      -120.00 USD
  Expenses:Transport:Tram                          120.00 USD

2021-10-09 * "Jewel of Morroco" "Eating out "
  Liabilities:US:Chase:Slate                       -29.66 USD
  Expenses:Food:Restaurant                          29.66 USD

2021-10-10 * "Chase:Slate" "Paying off credit card"
  Liabilities:US:Chase:Slate                       700.25 USD
  Assets:US:BofA:Checking                         -700.25 USD

2021-10-12 * "Chichipotle" "Eating out with Julie"
  Liabilities:US:Chase:Slate                       -32.28 USD
  Expenses:Food:Restaurant                          32.28 USD

2021-10-13 * "Onion Market" "Buying groceries"
  Liabilities:US:Chase:Slate                       -61.78 USD
  Expenses:Food:Groceries                           61.78 USD

2021-10-16 * "Chichipotle" "Eating out with Natasha"
  Liabilities:US:Chase:Slate                       -31.00 USD
  Expenses:Food:Restaurant                          31.00 USD

2021-10-19 * "Uncle Boons" "Eating out with Julie"
  Liabilities:US:Chase:Slate                       -29.90 USD
  Expenses:Food:Restaurant                          29.90 USD

2021-10-24 * "Rose Flower" "Eating out with Joe"
  Liabilities:US:Chase:Slate                       -33.93 USD
  Expenses:Food:Restaurant                          33.93 USD

2021-10-25 * "Uncle Boons" "Eating out with Natasha"
  Liabilities:US:Chase:Slate                       -71.41 USD
  Expenses:Food:Restaurant                          71.41 USD

2021-10-29 * "Cafe Modagor" "Eating out with Julie"
  Liabilities:US:Chase:Slate                       -33.14 USD
  Expenses:Food:Restaurant                          33.14 USD

2021-10-29 * "Good Moods Market" "Buying groceries"
  Liabilities:US:Chase:Slate                      -126.51 USD
  Expenses:Food:Groceries                          126.51 USD

2021-10-30 balance Liabilities:US:Chase:Slate     -658.06 USD

2021-10-31 * "Kin Soy" "Eating out with Bill"
  Liabilities:US:Chase:Slate                       -22.79 USD
  Expenses:Food:Restaurant                          22.79 USD

2021-11-05 * "China Garden" "Eating out "
  Liabilities:US:Chase:Slate                       -37.13 USD
  Expenses:Food:Restaurant                          37.13 USD

2021-11-06 * "Cafe Modagor" "Eating out with Natasha"
  Liabilities:US:Chase:Slate                       -65.86 USD
  Expenses:Food:Restaurant                          65.86 USD

2021-11-07 * "Kin Soy" "Eating out with Julie"
  Liabilities:US:Chase:Slate                       -44.39 USD
  Expenses:Food:Restaurant                          44.39 USD

2021-11-07 * "Metro Transport Authority" "Tram tickets"
  Liabilities:US:Chase:Slate                      -120.00 USD
  Expenses:Transport:Tram                          120.00 USD

2021-11-08 * "Corner Deli" "Buying groceries"
  Liabilities:US:Chase:Slate                      -125.44 USD
  Expenses:Food:Groceries                          125.44 USD

2021-11-10 * "Chichipotle" "Eating out alone"
  Liabilities:US:Chase:Slate                       -18.66 USD
  Expenses:Food:Restaurant                          18.66 USD

2021-11-11 * "Chase:Slate" "Paying off credit card"
  Liabilities:US:Chase:Slate                       837.22 USD
  Assets:US:BofA:Checking                         -837.22 USD

2021-11-12 * "Goba Goba" "Eating out with work buddies"
  Liabilities:US:Chase:Slate                       -15.28 USD
  Expenses:Food:Restaurant                          15.28 USD

2021-11-16 * "China Garden" "Eating out alone"
  Liabilities:US:Chase:Slate                       -43.00 USD
  Expenses:Food:Restaurant                          43.00 USD

2021-11-17 * "Rose Flower" "Eating out after work"
  Liabilities:US:Chase:Slate                       -36.99 USD
  Expenses:Food:Restaurant                          36.99 USD

2021-11-18 * "Rose Flower" "Eating out with Julie"
  Liabilities:US:Chase:Slate                       -49.07 USD
  Expenses:Food:Restaurant                          49.07 USD

2021-11-19 balance Liabilities:US:Chase:Slate     -399.45 USD

2021-11-20 * "Farmer Fresh" "Buying groceries"
  Liabilities:US:Chase:Slate                       -89.93 USD
  Expenses:Food:Groceries                           89.93 USD

2021-11-23 * "Kin Soy" "Eating out with Bill"
  Liabilities:US:Chase:Slate                       -30.70 USD
  Expenses:Food:Restaurant                          30.70 USD

2021-11-24 * "Goba Goba" "Eating out alone"
  Liabilities:US:Chase:Slate                       -16.07 USD
  Expenses:Food:Restaurant                          16.07 USD

2021-11-27 * "Jewel of Morroco" "Eating out after work"
  Liabilities:US:Chase:Slate                       -34.67 USD
  Expenses:Food:Restaurant                          34.67 USD

2021-12-02 * "Rose Flower" "Eating out after work"
  Liabilities:US:Chase:Slate                       -38.46 USD
  Expenses:Food:Restaurant                          38.46 USD

2021-12-04 * "Corner Deli" "Buying groceries"
  Liabilities:US:Chase:Slate                       -75.20 USD
  Expenses:Food:Groceries                           75.20 USD

2021-12-04 * "Metro Transport Authority" "Tram tickets"
  Liabilities:US:Chase:Slate                      -120.00 USD
  Expenses:Transport:Tram                          120.00 USD

2021-12-06 * "Kin Soy" "Eating out with Natasha"
  Liabilities:US:Chase:Slate                       -18.24 USD
  Expenses:Food:Restaurant                          18.24 USD

2021-12-09 * "Goba Goba" "Eating out with Julie"
  Liabilities:US:Chase:Slate                       -32.00 USD
  Expenses:Food:Restaurant                          32.00 USD

2021-12-11 * "China Garden" "Eating out with Bill"
  Liabilities:US:Chase:Slate                       -23.35 USD
  Expenses:Food:Restaurant                          23.35 USD

2021-12-11 * "Chase:Slate" "Paying off credit card"
  Liabilities:US:Chase:Slate                       607.68 USD
  Assets:US:BofA:Checking                         -607.68 USD

2021-12-14 * "Kin Soy" "Eating out with Natasha"
  Liabilities:US:Chase:Slate                       -40.73 USD
  Expenses:Food:Restaurant                          40.73 USD

2021-12-16 * "Jewel of Morroco" "Eating out alone"
  Liabilities:US:Chase:Slate                       -56.62 USD
  Expenses:Food:Restaurant                          56.62 USD

2021-12-17 balance Liabilities:US:Chase:Slate     -367.74 USD

2021-12-20 * "Uncle Boons" "Eating out "
  Liabilities:US:Chase:Slate                        -9.83 USD
  Expenses:Food:Restaurant                           9.83 USD

2021-12-21 * "Good Moods Market" "Buying groceries"
  Liabilities:US:Chase:Slate                       -70.79 USD
  Expenses:Food:Groceries                           70.79 USD

2021-12-24 * "Jewel of Morroco" "Eating out after work"
  Liabilities:US:Chase:Slate                       -30.84 USD
  Expenses:Food:Restaurant                          30.84 USD

2021-12-28 * "Uncle Boons" "Eating out with work buddies"
  Liabilities:US:Chase:Slate                       -48.06 USD
  Expenses:Food:Restaurant                          48.06 USD

2021-12-29 * "Uncle Boons" "Eating out with Joe"
  Liabilities:US:Chase:Slate                       -40.58 USD
  Expenses:Food:Restaurant                          40.58 USD

2021-12-30 * "Kin Soy" "Eating out with Natasha"
  Liabilities:US:Chase:Slate                       -23.75 USD
  Expenses:Food:Restaurant                          23.75 USD

2022-01-04 * "Uncle Boons" "Eating out with Bill"
  Liabilities:US:Chase:Slate                       -23.87 USD
  Expenses:Food:Restaurant                          23.87 USD

2022-01-06 * "Metro Transport Authority" "Tram tickets"
  Liabilities:US:Chase:Slate                      -120.00 USD
  Expenses:Transport:Tram                          120.00 USD

2022-01-08 * "Farmer Fresh" "Buying groceries"
  Liabilities:US:Chase:Slate                       -39.83 USD
  Expenses:Food:Groceries                           39.83 USD

2022-01-09 * "Uncle Boons" "Eating out after work"
  Liabilities:US:Chase:Slate                       -28.68 USD
  Expenses:Food:Restaurant                          28.68 USD

2022-01-11 balance Liabilities:US:Chase:Slate     -803.97 USD

2022-01-11 * "Chase:Slate" "Paying off credit card"
  Liabilities:US:Chase:Slate                       598.71 USD
  Assets:US:BofA:Checking                         -598.71 USD

2022-01-12 * "Rose Flower" "Eating out with Julie"
  Liabilities:US:Chase:Slate                       -65.13 USD
  Expenses:Food:Restaurant                          65.13 USD

2022-01-13 * "Rose Flower" "Eating out with Natasha"
  Liabilities:US:Chase:Slate                       -32.84 USD
  Expenses:Food:Restaurant                          32.84 USD

2022-01-15 * "Jewel of Morroco" "Eating out with Bill"
  Liabilities:US:Chase:Slate                       -51.19 USD
  Expenses:Food:Restaurant                          51.19 USD

2022-01-17 * "Uncle Boons" "Eating out "
  Liabilities:US:Chase:Slate                       -23.64 USD
  Expenses:Food:Restaurant                          23.64 USD

2022-01-17 * "Good Moods Market" "Buying groceries"
  Liabilities:US:Chase:Slate                      -104.79 USD
  Expenses:Food:Groceries                          104.79 USD

2022-01-20 * "Rose Flower" "Eating out alone"
  Liabilities:US:Chase:Slate                       -17.68 USD
  Expenses:Food:Restaurant                          17.68 USD

2022-01-25 * "Uncle Boons" "Eating out with Joe"
  Liabilities:US:Chase:Slate                       -21.98 USD
  Expenses:Food:Restaurant                          21.98 USD

2022-01-29 * "Goba Goba" "Eating out with Bill"
  Liabilities:US:Chase:Slate                       -27.36 USD
  Expenses:Food:Restaurant                          27.36 USD

2022-01-30 * "Uncle Boons" "Eating out alone"
  Liabilities:US:Chase:Slate                       -29.60 USD
  Expenses:Food:Restaurant                          29.60 USD

2022-02-02 * "Cafe Modagor" "Eating out alone"
  Liabilities:US:Chase:Slate                       -54.80 USD
  Expenses:Food:Restaurant                          54.80 USD

2022-02-04 * "Rose Flower" "Eating out with Julie"
  Liabilities:US:Chase:Slate                       -22.61 USD
  Expenses:Food:Restaurant                          22.61 USD

2022-02-05 * "China Garden" "Eating out with work buddies"
  Liabilities:US:Chase:Slate                       -29.49 USD
  Expenses:Food:Restaurant                          29.49 USD

2022-02-05 * "Farmer Fresh" "Buying groceries"
  Liabilities:US:Chase:Slate                       -88.09 USD
  Expenses:Food:Groceries                           88.09 USD

2022-02-06 * "Metro Transport Authority" "Tram tickets"
  Liabilities:US:Chase:Slate                      -120.00 USD
  Expenses:Transport:Tram                          120.00 USD

2022-02-07 balance Liabilities:US:Chase:Slate     -894.46 USD

2022-02-08 * "Chase:Slate" "Paying off credit card"
  Liabilities:US:Chase:Slate                       671.61 USD
  Assets:US:BofA:Checking                         -671.61 USD

2022-02-09 * "China Garden" "Eating out with Bill"
  Liabilities:US:Chase:Slate                       -47.54 USD
  Expenses:Food:Restaurant                          47.54 USD

2022-02-12 * "Onion Market" "Buying groceries"
  Liabilities:US:Chase:Slate                      -105.26 USD
  Expenses:Food:Groceries                          105.26 USD

2022-02-14 * "Chichipotle" "Eating out with Natasha"
  Liabilities:US:Chase:Slate                       -28.52 USD
  Expenses:Food:Restaurant                          28.52 USD

2022-02-17 * "Jewel of Morroco" "Eating out with Natasha"
  Liabilities:US:Chase:Slate                       -32.62 USD
  Expenses:Food:Restaurant                          32.62 USD

2022-02-18 * "China Garden" "Eating out alone"
  Liabilities:US:Chase:Slate                       -30.14 USD
  Expenses:Food:Restaurant                          30.14 USD

2022-02-20 * "China Garden" "Eating out alone"
  Liabilities:US:Chase:Slate                       -70.22 USD
  Expenses:Food:Restaurant                          70.22 USD

2022-02-22 * "Cafe Modagor" "Eating out with Bill"
  Liabilities:US:Chase:Slate                       -14.04 USD
  Expenses:Food:Restaurant                          14.04 USD

2022-02-23 * "Onion Market" "Buying groceries"
  Liabilities:US:Chase:Slate                       -71.33 USD
  Expenses:Food:Groceries                           71.33 USD

2022-02-26 * "Rose Flower" "Eating out with Bill"
  Liabilities:US:Chase:Slate                       -91.70 USD
  Expenses:Food:Restaurant                          91.70 USD

2022-03-02 * "Kin Soy" "Eating out after work"
  Liabilities:US:Chase:Slate                       -37.78 USD
  Expenses:Food:Restaurant                          37.78 USD

2022-03-04 balance Liabilities:US:Chase:Slate     -752.00 USD

2022-03-05 * "Chichipotle" "Eating out with Julie"
  Liabilities:US:Chase:Slate                       -63.90 USD
  Expenses:Food:Restaurant                          63.90 USD

2022-03-08 * "Chase:Slate" "Paying off credit card"
  Liabilities:US:Chase:Slate                       573.59 USD
  Assets:US:BofA:Checking                         -573.59 USD

2022-03-09 * "Kin Soy" "Eating out "
  Liabilities:US:Chase:Slate                       -28.08 USD
  Expenses:Food:Restaurant                          28.08 USD

2022-03-10 * "Corner Deli" "Buying groceries"
  Liabilities:US:Chase:Slate                       -54.94 USD
  Expenses:Food:Groceries                           54.94 USD

2022-03-11 * "Metro Transport Authority" "Tram tickets"
  Liabilities:US:Chase:Slate                      -120.00 USD
  Expenses:Transport:Tram                          120.00 USD

2022-03-13 * "Uncle Boons" "Eating out "
  Liabilities:US:Chase:Slate                       -19.99 USD
  Expenses:Food:Restaurant                          19.99 USD

2022-03-15 * "Cafe Modagor" "Eating out with Natasha"
  Liabilities:US:Chase:Slate                       -24.24 USD
  Expenses:Food:Restaurant                          24.24 USD

2022-03-16 * "Corner Deli" "Buying groceries"
  Liabilities:US:Chase:Slate                       -71.75 USD
  Expenses:Food:Groceries                           71.75 USD

2022-03-20 * "Goba Goba" "Eating out with Natasha"
  Liabilities:US:Chase:Slate                       -30.90 USD
  Expenses:Food:Restaurant                          30.90 USD

2022-03-21 * "Goba Goba" "Eating out with Natasha"
  Liabilities:US:Chase:Slate                       -28.97 USD
  Expenses:Food:Restaurant                          28.97 USD

2022-03-25 * "Jewel of Morroco" "Eating out with Joe"
  Liabilities:US:Chase:Slate                       -15.59 USD
  Expenses:Food:Restaurant                          15.59 USD

2022-03-28 * "China Garden" "Eating out "
  Liabilities:US:Chase:Slate                       -80.08 USD
  Expenses:Food:Restaurant                          80.08 USD

2022-03-31 balance Liabilities:US:Chase:Slate     -716.85 USD

2022-03-31 * "Farmer Fresh" "Buying groceries"
  Liabilities:US:Chase:Slate                       -94.10 USD
  Expenses:Food:Groceries                           94.10 USD

2022-04-01 * "Rose Flower" "Eating out with Joe"
  Liabilities:US:Chase:Slate                       -18.11 USD
  Expenses:Food:Restaurant                          18.11 USD

2022-04-02 * "Goba Goba" "Eating out with Natasha"
  Liabilities:US:Chase:Slate                       -25.53 USD
  Expenses:Food:Restaurant                          25.53 USD

2022-04-06 * "Uncle Boons" "Eating out alone"
  Liabilities:US:Chase:Slate                       -27.73 USD
  Expenses:Food:Restaurant                          27.73 USD

2022-04-07 * "Good Moods Market" "Buying groceries"
  Liabilities:US:Chase:Slate                       -93.19 USD
  Expenses:Food:Groceries                           93.19 USD

2022-04-08 * "Chase:Slate" "Paying off credit card"
  Liabilities:US:Chase:Slate                       734.35 USD
  Assets:US:BofA:Checking                         -734.35 USD

2022-04-11 * "China Garden" "Eating out with Bill"
  Liabilities:US:Chase:Slate                       -29.23 USD
  Expenses:Food:Restaurant                          29.23 USD

2022-04-11 * "Metro Transport Authority" "Tram tickets"
  Liabilities:US:Chase:Slate                      -120.00 USD
  Expenses:Transport:Tram                          120.00 USD

2022-04-15 * "Farmer Fresh" "Buying groceries"
  Liabilities:US:Chase:Slate                       -94.76 USD
  Expenses:Food:Groceries                           94.76 USD

2022-04-16 * "Kin Soy" "Eating out "
  Liabilities:US:Chase:Slate                       -19.01 USD
  Expenses:Food:Restaurant                          19.01 USD

2022-04-17 * "Uncle Boons" "Eating out "
  Liabilities:US:Chase:Slate                       -40.48 USD
  Expenses:Food:Restaurant                          40.48 USD

2022-04-22 * "Jewel of Morroco" "Eating out with Joe"
  Liabilities:US:Chase:Slate                       -35.56 USD
  Expenses:Food:Restaurant                          35.56 USD

2022-04-25 * "Uncle Boons" "Eating out with Joe"
  Liabilities:US:Chase:Slate                       -39.19 USD
  Expenses:Food:Restaurant                          39.19 USD

2022-04-25 * "Onion Market" "Buying groceries"
  Liabilities:US:Chase:Slate                       -81.78 USD
  Expenses:Food:Groceries                           81.78 USD

2022-04-29 balance Liabilities:US:Chase:Slate     -701.17 USD

2022-04-29 * "Goba Goba" "Eating out with work buddies"
  Liabilities:US:Chase:Slate                       -23.14 USD
  Expenses:Food:Restaurant                          23.14 USD

2022-05-03 * "Cafe Modagor" "Eating out with Bill"
  Liabilities:US:Chase:Slate                       -23.00 USD
  Expenses:Food:Restaurant                          23.00 USD

2022-05-07 * "Chase:Slate" "Paying off credit card"
  Liabilities:US:Chase:Slate                       511.45 USD
  Assets:US:BofA:Checking                         -511.45 USD

2022-05-08 * "Jewel of Morroco" "Eating out "
  Liabilities:US:Chase:Slate                       -34.53 USD
  Expenses:Food:Restaurant                          34.53 USD

2022-05-08 * "Corner Deli" "Buying groceries"
  Liabilities:US:Chase:Slate                      -100.23 USD
  Expenses:Food:Groceries                          100.23 USD

2022-05-11 * "Metro Transport Authority" "Tram tickets"
  Liabilities:US:Chase:Slate                      -120.00 USD
  Expenses:Transport:Tram                          120.00 USD

2022-05-12 * "Goba Goba" "Eating out with Bill"
  Liabilities:US:Chase:Slate                       -51.98 USD
  Expenses:Food:Restaurant                          51.98 USD

2022-05-15 * "Rose Flower" "Eating out with Bill"
  Liabilities:US:Chase:Slate                       -25.40 USD
  Expenses:Food:Restaurant                          25.40 USD

2022-05-18 * "Kin Soy" "Eating out with work buddies"
  Liabilities:US:Chase:Slate                       -19.82 USD
  Expenses:Food:Restaurant                          19.82 USD

2022-05-18 * "Good Moods Market" "Buying groceries"
  Liabilities:US:Chase:Slate                       -84.45 USD
  Expenses:Food:Groceries                           84.45 USD

2022-05-19 balance Liabilities:US:Chase:Slate     -672.27 USD

2022-05-20 * "Uncle Boons" "Eating out with Bill"
  Liabilities:US:Chase:Slate                       -12.74 USD
  Expenses:Food:Restaurant                          12.74 USD

2022-05-22 * "Chichipotle" "Eating out after work"
  Liabilities:US:Chase:Slate                       -31.49 USD
  Expenses:Food:Restaurant                          31.49 USD

2022-05-27 * "Kin Soy" "Eating out "
  Liabilities:US:Chase:Slate                       -37.14 USD
  Expenses:Food:Restaurant                          37.14 USD

2022-05-28 * "China Garden" "Eating out with Bill"
  Liabilities:US:Chase:Slate                       -57.42 USD
  Expenses:Food:Restaurant                          57.42 USD

2022-06-01 * "Rose Flower" "Eating out with Julie"
  Liabilities:US:Chase:Slate                       -22.06 USD
  Expenses:Food:Restaurant                          22.06 USD

2022-06-03 * "Jewel of Morroco" "Eating out with Joe"
  Liabilities:US:Chase:Slate                       -30.04 USD
  Expenses:Food:Restaurant                          30.04 USD

2022-06-06 * "Cafe Modagor" "Eating out alone"
  Liabilities:US:Chase:Slate                       -21.07 USD
  Expenses:Food:Restaurant                          21.07 USD

2022-06-06 * "Farmer Fresh" "Buying groceries"
  Liabilities:US:Chase:Slate                       -95.50 USD
  Expenses:Food:Groceries                           95.50 USD

2022-06-08 * "Chase:Slate" "Paying off credit card"
  Liabilities:US:Chase:Slate                       731.10 USD
  Assets:US:BofA:Checking                         -731.10 USD

2022-06-09 * "Chichipotle" "Eating out with Natasha"
  Liabilities:US:Chase:Slate                       -21.76 USD
  Expenses:Food:Restaurant                          21.76 USD

2022-06-11 * "Onion Market" "Buying groceries"
  Liabilities:US:Chase:Slate                       -53.80 USD
  Expenses:Food:Groceries                           53.80 USD

2022-06-11 * "Metro Transport Authority" "Tram tickets"
  Liabilities:US:Chase:Slate                      -120.00 USD
  Expenses:Transport:Tram                          120.00 USD

2022-06-12 * "China Garden" "Eating out after work"
  Liabilities:US:Chase:Slate                       -42.25 USD
  Expenses:Food:Restaurant                          42.25 USD

2022-06-13 balance Liabilities:US:Chase:Slate     -486.44 USD

2022-06-13 * "Goba Goba" "Eating out alone"
  Liabilities:US:Chase:Slate                       -22.79 USD
  Expenses:Food:Restaurant                          22.79 USD

2022-06-14 * "Rose Flower" "Eating out after work"
  Liabilities:US:Chase:Slate                       -39.03 USD
  Expenses:Food:Restaurant                          39.03 USD

2022-06-19 * "Goba Goba" "Eating out with Joe"
  Liabilities:US:Chase:Slate                       -74.74 USD
  Expenses:Food:Restaurant                          74.74 USD

2022-06-20 * "Chichipotle" "Eating out with Julie"
  Liabilities:US:Chase:Slate                       -31.58 USD
  Expenses:Food:Restaurant                          31.58 USD

2022-06-24 * "Jewel of Morroco" "Eating out "
  Liabilities:US:Chase:Slate                       -30.30 USD
  Expenses:Food:Restaurant                          30.30 USD

2022-06-27 * "Chichipotle" "Eating out after work"
  Liabilities:US:Chase:Slate                       -33.67 USD
  Expenses:Food:Restaurant                          33.67 USD

2022-06-28 * "Onion Market" "Buying groceries"
  Liabilities:US:Chase:Slate                      -138.83 USD
  Expenses:Food:Groceries                          138.83 USD

2022-07-01 * "Rose Flower" "Eating out after work"
  Liabilities:US:Chase:Slate                       -32.68 USD
  Expenses:Food:Restaurant                          32.68 USD

2022-07-04 * "Chichipotle" "Eating out with Julie"
  Liabilities:US:Chase:Slate                       -15.50 USD
  Expenses:Food:Restaurant                          15.50 USD

2022-07-06 * "Goba Goba" "Eating out with work buddies"
  Liabilities:US:Chase:Slate                       -30.24 USD
  Expenses:Food:Restaurant                          30.24 USD

2022-07-07 * "China Garden" "Eating out with Joe"
  Liabilities:US:Chase:Slate                       -35.26 USD
  Expenses:Food:Restaurant                          35.26 USD

2022-07-08 * "Uncle Boons" "Eating out alone"
  Liabilities:US:Chase:Slate                       -18.72 USD
  Expenses:Food:Restaurant                          18.72 USD

2022-07-09 * "Chase:Slate" "Paying off credit card"
  Liabilities:US:Chase:Slate                       763.89 USD
  Assets:US:BofA:Checking                         -763.89 USD

2022-07-11 balance Liabilities:US:Chase:Slate     -225.89 USD

2022-07-12 * "Uncle Boons" "Eating out with Joe"
  Liabilities:US:Chase:Slate                       -44.50 USD
  Expenses:Food:Restaurant                          44.50 USD

2022-07-14 * "Metro Transport Authority" "Tram tickets"
  Liabilities:US:Chase:Slate                      -120.00 USD
  Expenses:Transport:Tram                          120.00 USD

2022-07-17 * "China Garden" "Eating out with Bill"
  Liabilities:US:Chase:Slate                       -36.36 USD
  Expenses:Food:Restaurant                          36.36 USD

2022-07-17 * "Good Moods Market" "Buying groceries"
  Liabilities:US:Chase:Slate                       -83.11 USD
  Expenses:Food:Groceries                           83.11 USD

2022-07-22 * "Cafe Modagor" "Eating out alone"
  Liabilities:US:Chase:Slate                       -61.20 USD
  Expenses:Food:Restaurant                          61.20 USD

2022-07-24 event "location" "New York"

2022-07-25 * "Laut" "" #trip-new-york-2022
  Liabilities:US:Chase:Slate                       -31.39 USD
  Expenses:Food:Restaurant                          31.39 USD

2022-07-26 * "Uncle Boons" "" #trip-new-york-2022
  Liabilities:US:Chase:Slate                       -38.62 USD
  Expenses:Food:Restaurant                          38.62 USD

2022-07-26 * "La Colombe" "" #trip-new-york-2022
  Liabilities:US:Chase:Slate                        -6.83 USD
  Expenses:Food:Coffee                               6.83 USD

2022-07-26 * "Gimme! Coffee" "" #trip-new-york-2022
  Liabilities:US:Chase:Slate                        -7.58 USD
  Expenses:Food:Coffee                               7.58 USD

2022-07-27 * "Cafe Select" "" #trip-new-york-2022
  Liabilities:US:Chase:Slate                       -29.46 USD
  Expenses:Food:Restaurant                          29.46 USD

2022-07-27 * "Laut" "" #trip-new-york-2022
  Liabilities:US:Chase:Slate                       -28.53 USD
  Expenses:Food:Restaurant                          28.53 USD

2022-07-28 * "Cafe Select" "" #trip-new-york-2022
  Liabilities:US:Chase:Slate                       -22.96 USD
  Expenses:Food:Restaurant                          22.96 USD

2022-07-29 * "Uncle Boons" "" #trip-new-york-2022
  Liabilities:US:Chase:Slate                       -39.83 USD
  Expenses:Food:Restaurant                          39.83 USD

2022-07-29 * "Cafe Select" "" #trip-new-york-2022
  Liabilities:US:Chase:Slate                       -37.77 USD
  Expenses:Food:Restaurant                          37.77 USD

2022-07-29 * "Laut" "" #trip-new-york-2022
  Liabilities:US:Chase:Slate                       -31.86 USD
  Expenses:Food:Restaurant                          31.86 USD

2022-07-30 * "La Colombe" "" #trip-new-york-2022
  Liabilities:US:Chase:Slate                        -5.96 USD
  Expenses:Food:Coffee                               5.96 USD

2022-07-30 * "Gimme! Coffee" "" #trip-new-york-2022
  Liabilities:US:Chase:Slate                        -6.12 USD
  Expenses:Food:Coffee                               6.12 USD

2022-07-31 * "Cafe Select" "" #trip-new-york-2022
  Liabilities:US:Chase:Slate                       -27.57 USD
  Expenses:Food:Restaurant                          27.57 USD

2022-08-01 * "Uncle Boons" "" #trip-new-york-2022
  Liabilities:US:Chase:Slate                       -39.36 USD
  Expenses:Food:Restaurant                          39.36 USD

2022-08-02 * "Cafe Select" "" #trip-new-york-2022
  Liabilities:US:Chase:Slate                       -30.25 USD
  Expenses:Food:Restaurant                          30.25 USD

2022-08-04 * "Laut" "" #trip-new-york-2022
  Liabilities:US:Chase:Slate                       -31.87 USD
  Expenses:Food:Restaurant                          31.87 USD

2022-08-04 * "La Colombe" "" #trip-new-york-2022
  Liabilities:US:Chase:Slate                        -6.67 USD
  Expenses:Food:Coffee                               6.67 USD

2022-08-04 * "Gimme! Coffee" "" #trip-new-york-2022
  Liabilities:US:Chase:Slate                        -8.40 USD
  Expenses:Food:Coffee                               8.40 USD

2022-08-05 balance Liabilities:US:Chase:Slate    -1002.09 USD

2022-08-06 * "Uncle Boons" "" #trip-new-york-2022
  Liabilities:US:Chase:Slate                       -42.24 USD
  Expenses:Food:Restaurant                          42.24 USD

2022-08-06 * "Takahachi" "" #trip-new-york-2022
  Liabilities:US:Chase:Slate                       -49.85 USD
  Expenses:Food:Restaurant                          49.85 USD

2022-08-06 * "Laut" "" #trip-new-york-2022
  Liabilities:US:Chase:Slate                       -36.68 USD
  Expenses:Food:Restaurant                          36.68 USD

2022-08-07 * "Cafe Select" "" #trip-new-york-2022
  Liabilities:US:Chase:Slate                       -29.71 USD
  Expenses:Food:Restaurant                          29.71 USD

2022-08-07 * "Takahachi" "" #trip-new-york-2022
  Liabilities:US:Chase:Slate                       -47.90 USD
  Expenses:Food:Restaurant                          47.90 USD

2022-08-07 * "Chase:Slate" "Paying off credit card"
  Liabilities:US:Chase:Slate                       335.18 USD
  Assets:US:BofA:Checking                         -335.18 USD

2022-08-09 * "Uncle Boons" "" #trip-new-york-2022
  Liabilities:US:Chase:Slate                       -39.19 USD
  Expenses:Food:Restaurant                          39.19 USD

2022-08-09 * "Laut" "" #trip-new-york-2022
  Liabilities:US:Chase:Slate                       -32.89 USD
  Expenses:Food:Restaurant                          32.89 USD

2022-08-09 * "Gimme! Coffee" "" #trip-new-york-2022
  Liabilities:US:Chase:Slate                        -6.16 USD
  Expenses:Food:Coffee                               6.16 USD

2022-08-10 * "Laut" "" #trip-new-york-2022
  Liabilities:US:Chase:Slate                       -33.95 USD
  Expenses:Food:Restaurant                          33.95 USD

2022-08-11 * "Uncle Boons" "" #trip-new-york-2022
  Liabilities:US:Chase:Slate                       -46.29 USD
  Expenses:Food:Restaurant                          46.29 USD

2022-08-11 * "Takahachi" "" #trip-new-york-2022
  Liabilities:US:Chase:Slate                       -54.22 USD
  Expenses:Food:Restaurant                          54.22 USD

2022-08-12 * "Cafe Select" "" #trip-new-york-2022
  Liabilities:US:Chase:Slate                       -28.12 USD
  Expenses:Food:Restaurant                          28.12 USD

2022-08-12 * "Takahachi" "" #trip-new-york-2022
  Liabilities:US:Chase:Slate                       -50.05 USD
  Expenses:Food:Restaurant                          50.05 USD

2022-08-13 * "Uncle Boons" "" #trip-new-york-2022
  Liabilities:US:Chase:Slate                       -36.79 USD
  Expenses:Food:Restaurant                          36.79 USD

2022-08-13 * "Cafe Select" "" #trip-new-york-2022
  Liabilities:US:Chase:Slate                       -36.93 USD
  Expenses:Food:Restaurant                          36.93 USD

2022-08-13 * "Laut" "" #trip-new-york-2022
  Liabilities:US:Chase:Slate                       -32.78 USD
  Expenses:Food:Restaurant                          32.78 USD

2022-08-13 * "La Colombe" "" #trip-new-york-2022
  Liabilities:US:Chase:Slate                        -6.18 USD
  Expenses:Food:Coffee                               6.18 USD

2022-08-14 * "Uncle Boons" "Eating out with work buddies"
  Liabilities:US:Chase:Slate                       -34.51 USD
  Expenses:Food:Restaurant                          34.51 USD

2022-08-14 * "Takahachi" "" #trip-new-york-2022
  Liabilities:US:Chase:Slate                       -39.88 USD
  Expenses:Food:Restaurant                          39.88 USD

2022-08-14 * "Consume vacation days"
  Assets:US:Hooli:Vacation                           -168 VACHR
  Expenses:Vacation                                   168 VACHR

2022-08-14 event "location" "New Metropolis"

2022-08-16 * "Kin Soy" "Eating out after work"
  Liabilities:US:Chase:Slate                       -26.25 USD
  Expenses:Food:Restaurant                          26.25 USD

2022-08-18 * "China Garden" "Eating out with Julie"
  Liabilities:US:Chase:Slate                       -17.35 USD
  Expenses:Food:Restaurant                          17.35 USD

2022-08-19 * "Good Moods Market" "Buying groceries"
  Liabilities:US:Chase:Slate                       -68.14 USD
  Expenses:Food:Groceries                           68.14 USD

2022-08-23 * "Cafe Modagor" "Eating out "
  Liabilities:US:Chase:Slate                       -31.34 USD
  Expenses:Food:Restaurant                          31.34 USD

2022-08-28 balance Liabilities:US:Chase:Slate    -1494.31 USD

2022-08-28 * "Chichipotle" "Eating out with Bill"
  Liabilities:US:Chase:Slate                       -11.26 USD
  Expenses:Food:Restaurant                          11.26 USD

2022-08-31 * "Onion Market" "Buying groceries"
  Liabilities:US:Chase:Slate                      -100.22 USD
  Expenses:Food:Groceries                          100.22 USD

2022-09-02 * "Jewel of Morroco" "Eating out with work buddies"
  Liabilities:US:Chase:Slate                       -39.70 USD
  Expenses:Food:Restaurant                          39.70 USD

2022-09-03 * "Cafe Modagor" "Eating out with work buddies"
  Liabilities:US:Chase:Slate                       -26.69 USD
  Expenses:Food:Restaurant                          26.69 USD

2022-09-05 * "Kin Soy" "Eating out "
  Liabilities:US:Chase:Slate                       -25.98 USD
  Expenses:Food:Restaurant                          25.98 USD

2022-09-06 * "Rose Flower" "Eating out with Bill"
  Liabilities:US:Chase:Slate                       -31.20 USD
  Expenses:Food:Restaurant                          31.20 USD

2022-09-09 * "Chase:Slate" "Paying off credit card"
  Liabilities:US:Chase:Slate                       413.14 USD
  Assets:US:BofA:Checking                         -413.14 USD

2022-09-10 * "Jewel of Morroco" "Eating out after work"
  Liabilities:US:Chase:Slate                       -35.01 USD
  Expenses:Food:Restaurant                          35.01 USD

2022-09-11 * "Metro Transport Authority" "Tram tickets"
  Liabilities:US:Chase:Slate                      -120.00 USD
  Expenses:Transport:Tram                          120.00 USD

2022-09-15 * "Rose Flower" "Eating out after work"
  Liabilities:US:Chase:Slate                       -30.23 USD
  Expenses:Food:Restaurant                          30.23 USD

2022-09-15 * "Corner Deli" "Buying groceries"
  Liabilities:US:Chase:Slate                       -72.05 USD
  Expenses:Food:Groceries                           72.05 USD

2022-09-19 * "Uncle Boons" "Eating out with Bill"
  Liabilities:US:Chase:Slate                       -22.11 USD
  Expenses:Food:Restaurant                          22.11 USD

2022-09-20 balance Liabilities:US:Chase:Slate    -1595.62 USD

2022-09-21 * "Rose Flower" "Eating out alone"
  Liabilities:US:Chase:Slate                       -29.41 USD
  Expenses:Food:Restaurant                          29.41 USD

2022-09-25 * "Uncle Boons" "Eating out "
  Liabilities:US:Chase:Slate                       -11.81 USD
  Expenses:Food:Restaurant                          11.81 USD

2022-09-25 * "Good Moods Market" "Buying groceries"
  Liabilities:US:Chase:Slate                       -79.75 USD
  Expenses:Food:Groceries                           79.75 USD

2022-09-29 * "Chichipotle" "Eating out alone"
  Liabilities:US:Chase:Slate                       -37.45 USD
  Expenses:Food:Restaurant                          37.45 USD

2022-10-02 * "Rose Flower" "Eating out with Natasha"
  Liabilities:US:Chase:Slate                       -48.24 USD
  Expenses:Food:Restaurant                          48.24 USD

2022-10-06 * "Jewel of Morroco" "Eating out with Julie"
  Liabilities:US:Chase:Slate                       -16.08 USD
  Expenses:Food:Restaurant                          16.08 USD

2022-10-07 * "Chichipotle" "Eating out with Joe"
  Liabilities:US:Chase:Slate                       -36.16 USD
  Expenses:Food:Restaurant                          36.16 USD

2022-10-09 * "Farmer Fresh" "Buying groceries"
  Liabilities:US:Chase:Slate                       -79.44 USD
  Expenses:Food:Groceries                           79.44 USD

2022-10-09 * "Metro Transport Authority" "Tram tickets"
  Liabilities:US:Chase:Slate                      -120.00 USD
  Expenses:Transport:Tram                          120.00 USD

2022-10-09 * "Chase:Slate" "Paying off credit card"
  Liabilities:US:Chase:Slate                       582.73 USD
  Assets:US:BofA:Checking                         -582.73 USD

2022-10-10 * "Rose Flower" "Eating out alone"
  Liabilities:US:Chase:Slate                       -42.23 USD
  Expenses:Food:Restaurant                          42.23 USD

2022-10-12 * "Chichipotle" "Eating out with Natasha"
  Liabilities:US:Chase:Slate                       -30.90 USD
  Expenses:Food:Restaurant                          30.90 USD

2022-10-13 * "Cafe Modagor" "Eating out with work buddies"
  Liabilities:US:Chase:Slate                       -39.10 USD
  Expenses:Food:Restaurant                          39.10 USD

2022-10-16 * "Jewel of Morroco" "Eating out with Julie"
  Liabilities:US:Chase:Slate                       -22.66 USD
  Expenses:Food:Restaurant                          22.66 USD

2022-10-18 * "Uncle Boons" "Eating out alone"
  Liabilities:US:Chase:Slate                       -46.06 USD
  Expenses:Food:Restaurant                          46.06 USD

2022-10-19 balance Liabilities:US:Chase:Slate    -1652.18 USD

2022-10-20 * "Cafe Modagor" "Eating out with Natasha"
  Liabilities:US:Chase:Slate                       -41.53 USD
  Expenses:Food:Restaurant                          41.53 USD

2022-10-20 * "Good Moods Market" "Buying groceries"
  Liabilities:US:Chase:Slate                       -77.15 USD
  Expenses:Food:Groceries                           77.15 USD

2022-10-21 * "China Garden" "Eating out alone"
  Liabilities:US:Chase:Slate                       -39.34 USD
  Expenses:Food:Restaurant                          39.34 USD

2022-10-24 * "Chichipotle" "Eating out "
  Liabilities:US:Chase:Slate                       -58.13 USD
  Expenses:Food:Restaurant                          58.13 USD

2022-10-25 * "Goba Goba" "Eating out with Bill"
  Liabilities:US:Chase:Slate                       -44.66 USD
  Expenses:Food:Restaurant                          44.66 USD

2022-10-28 * "Cafe Modagor" "Eating out with Bill"
  Liabilities:US:Chase:Slate                       -27.34 USD
  Expenses:Food:Restaurant                          27.34 USD

2022-10-30 * "Kin Soy" "Eating out with Julie"
  Liabilities:US:Chase:Slate                       -32.48 USD
  Expenses:Food:Restaurant                          32.48 USD

2022-10-30 * "Corner Deli" "Buying groceries"
  Liabilities:US:Chase:Slate                      -103.44 USD
  Expenses:Food:Groceries                          103.44 USD

2022-11-04 * "Rose Flower" "Eating out after work"
  Liabilities:US:Chase:Slate                       -13.65 USD
  Expenses:Food:Restaurant                          13.65 USD

2022-11-07 * "Corner Deli" "Buying groceries"
  Liabilities:US:Chase:Slate                       -82.96 USD
  Expenses:Food:Groceries                           82.96 USD

2022-11-07 * "Metro Transport Authority" "Tram tickets"
  Liabilities:US:Chase:Slate                      -120.00 USD
  Expenses:Transport:Tram                          120.00 USD

2022-11-08 * "Rose Flower" "Eating out with Joe"
  Liabilities:US:Chase:Slate                       -42.15 USD
  Expenses:Food:Restaurant                          42.15 USD

2022-11-10 balance Liabilities:US:Chase:Slate    -2335.01 USD

2022-11-11 * "Chase:Slate" "Paying off credit card"
  Liabilities:US:Chase:Slate                      1082.91 USD
  Assets:US:BofA:Checking                        -1082.91 USD

2022-11-12 * "Farmer Fresh" "Buying groceries"
  Liabilities:US:Chase:Slate                       -99.13 USD
  Expenses:Food:Groceries                           99.13 USD

2022-11-13 * "Cafe Modagor" "Eating out with Bill"
  Liabilities:US:Chase:Slate                       -20.05 USD
  Expenses:Food:Restaurant                          20.05 USD

2022-11-15 * "Goba Goba" "Eating out after work"
  Liabilities:US:Chase:Slate                       -32.94 USD
  Expenses:Food:Restaurant                          32.94 USD

2022-11-19 * "Goba Goba" "Eating out with Bill"
  Liabilities:US:Chase:Slate                       -20.68 USD
  Expenses:Food:Restaurant                          20.68 USD

2022-11-22 * "Chichipotle" "Eating out with Julie"
  Liabilities:US:Chase:Slate                       -51.09 USD
  Expenses:Food:Restaurant                          51.09 USD

2022-11-27 * "Cafe Modagor" "Eating out "
  Liabilities:US:Chase:Slate                       -45.89 USD
  Expenses:Food:Restaurant                          45.89 USD

2022-11-27 * "Corner Deli" "Buying groceries"
  Liabilities:US:Chase:Slate                       -70.94 USD
  Expenses:Food:Groceries                           70.94 USD

2022-11-29 * "Kin Soy" "Eating out with Julie"
  Liabilities:US:Chase:Slate                       -32.20 USD
  Expenses:Food:Restaurant                          32.20 USD

2022-12-04 * "Jewel of Morroco" "Eating out alone"
  Liabilities:US:Chase:Slate                       -20.71 USD
  Expenses:Food:Restaurant                          20.71 USD

2022-12-06 * "Good Moods Market" "Buying groceries"
  Liabilities:US:Chase:Slate                       -76.47 USD
  Expenses:Food:Groceries                           76.47 USD

2022-12-07 * "Chase:Slate" "Paying off credit card"
  Liabilities:US:Chase:Slate                       490.97 USD
  Assets:US:BofA:Checking                         -490.97 USD

2022-12-08 balance Liabilities:US:Chase:Slate    -1231.23 USD

2022-12-08 * "Metro Transport Authority" "Tram tickets"
  Liabilities:US:Chase:Slate                      -120.00 USD
  Expenses:Transport:Tram                          120.00 USD

2022-12-09 * "Chichipotle" "Eating out with Julie"
  Liabilities:US:Chase:Slate                       -27.83 USD
  Expenses:Food:Restaurant                          27.83 USD

2022-12-11 * "Uncle Boons" "Eating out after work"
  Liabilities:US:Chase:Slate                       -42.00 USD
  Expenses:Food:Restaurant                          42.00 USD

2022-12-14 * "Kin Soy" "Eating out after work"
  Liabilities:US:Chase:Slate                       -37.77 USD
  Expenses:Food:Restaurant                          37.77 USD

2022-12-15 * "Chichipotle" "Eating out with Natasha"
  Liabilities:US:Chase:Slate                       -26.58 USD
  Expenses:Food:Restaurant                          26.58 USD

2022-12-15 * "Corner Deli" "Buying groceries"
  Liabilities:US:Chase:Slate                      -167.03 USD
  Expenses:Food:Groceries                          167.03 USD

2022-12-17 * "Uncle Boons" "Eating out with work buddies"
  Liabilities:US:Chase:Slate                       -28.34 USD
  Expenses:Food:Restaurant                          28.34 USD

2022-12-18 * "Chichipotle" "Eating out with Joe"
  Liabilities:US:Chase:Slate                       -42.25 USD
  Expenses:Food:Restaurant                          42.25 USD

2022-12-23 * "Kin Soy" "Eating out "
  Liabilities:US:Chase:Slate                       -24.61 USD
  Expenses:Food:Restaurant                          24.61 USD

2022-12-27 * "Farmer Fresh" "Buying groceries"
  Liabilities:US:Chase:Slate                       -83.97 USD
  Expenses:Food:Groceries                           83.97 USD

2022-12-28 * "Chichipotle" "Eating out with Joe"
  Liabilities:US:Chase:Slate                       -25.69 USD
  Expenses:Food:Restaurant                          25.69 USD

2022-12-31 balance Liabilities:US:Chase:Slate    -1857.30 USD

2022-12-31 * "China Garden" "Eating out with Natasha"
  Liabilities:US:Chase:Slate                       -28.98 USD
  Expenses:Food:Restaurant                          28.98 USD

2023-01-01 * "Rose Flower" "Eating out after work"
  Liabilities:US:Chase:Slate                       -39.39 USD
  Expenses:Food:Restaurant                          39.39 USD

2023-01-02 * "Goba Goba" "Eating out with Bill"
  Liabilities:US:Chase:Slate                       -35.34 USD
  Expenses:Food:Restaurant                          35.34 USD

2023-01-05 * "Metro Transport Authority" "Tram tickets"
  Liabilities:US:Chase:Slate                      -120.00 USD
  Expenses:Transport:Tram                          120.00 USD

2023-01-06 * "Uncle Boons" "Eating out with Joe"
  Liabilities:US:Chase:Slate                       -27.98 USD
  Expenses:Food:Restaurant                          27.98 USD

2023-01-08 * "China Garden" "Eating out with Joe"
  Liabilities:US:Chase:Slate                       -29.19 USD
  Expenses:Food:Restaurant                          29.19 USD

2023-01-11 * "Jewel of Morroco" "Eating out "
  Liabilities:US:Chase:Slate                       -36.39 USD
  Expenses:Food:Restaurant                          36.39 USD

2023-01-13 * "Jewel of Morroco" "Eating out alone"
  Liabilities:US:Chase:Slate                       -32.00 USD
  Expenses:Food:Restaurant                          32.00 USD

2023-01-14 * "Good Moods Market" "Buying groceries"
  Liabilities:US:Chase:Slate                       -85.43 USD
  Expenses:Food:Groceries                           85.43 USD

2023-01-15 * "Rose Flower" "Eating out with Joe"
  Liabilities:US:Chase:Slate                       -83.70 USD
  Expenses:Food:Restaurant                          83.70 USD

2023-01-16 * "Kin Soy" "Eating out with Natasha"
  Liabilities:US:Chase:Slate                       -24.61 USD
  Expenses:Food:Restaurant                          24.61 USD

2023-01-17 * "Uncle Boons" "Eating out with Bill"
  Liabilities:US:Chase:Slate                       -27.28 USD
  Expenses:Food:Restaurant                          27.28 USD

2023-01-21 * "Kin Soy" "Eating out with work buddies"
  Liabilities:US:Chase:Slate                       -37.43 USD
  Expenses:Food:Restaurant                          37.43 USD

2023-01-22 balance Liabilities:US:Chase:Slate    -2465.02 USD

2023-01-26 * "Cafe Modagor" "Eating out "
  Liabilities:US:Chase:Slate                       -24.72 USD
  Expenses:Food:Restaurant                          24.72 USD

2023-01-26 * "Corner Deli" "Buying groceries"
  Liabilities:US:Chase:Slate                       -79.32 USD
  Expenses:Food:Groceries                           79.32 USD

2023-01-28 * "Uncle Boons" "Eating out with Joe"
  Liabilities:US:Chase:Slate                       -21.61 USD
  Expenses:Food:Restaurant                          21.61 USD

2023-02-02 * "Uncle Boons" "Eating out after work"
  Liabilities:US:Chase:Slate                       -24.32 USD
  Expenses:Food:Restaurant                          24.32 USD

2023-02-04 * "Metro Transport Authority" "Tram tickets"
  Liabilities:US:Chase:Slate                      -120.00 USD
  Expenses:Transport:Tram                          120.00 USD



* Taxable Investments

2021-01-01 open Assets:US:ETrade:Cash                       USD
2021-01-01 open Assets:US:ETrade:ITOT                       ITOT
2021-01-01 open Assets:US:ETrade:VEA                       VEA
2021-01-01 open Assets:US:ETrade:VHT                       VHT
2021-01-01 open Assets:US:ETrade:GLD                       GLD
2021-01-01 open Income:US:ETrade:PnL                        USD
2021-01-01 open Income:US:ETrade:ITOT:Dividend              USD
2021-01-01 open Income:US:ETrade:VEA:Dividend              USD
2021-01-01 open Income:US:ETrade:VHT:Dividend              USD
2021-01-01 open Income:US:ETrade:GLD:Dividend              USD

2021-09-05 * "Buy shares of VHT"
  Assets:US:ETrade:Cash                           -630.90 USD
  Assets:US:ETrade:VHT                                  7 VHT {88.85 USD, 2021-09-05}
  Expenses:Financial:Commissions                     8.95 USD

2021-09-05 * "Buy shares of VEA"
  Assets:US:ETrade:Cash                           -652.45 USD
  Assets:US:ETrade:VEA                                  6 VEA {107.25 USD, 2021-09-05}
  Expenses:Financial:Commissions                     8.95 USD

2021-09-05 * "Buy shares of ITOT"
  Assets:US:ETrade:Cash                           -640.55 USD
  Assets:US:ETrade:ITOT                                 5 ITOT {126.32 USD, 2021-09-05}
  Expenses:Financial:Commissions                     8.95 USD

2021-09-05 * "Buy shares of GLD"
  Assets:US:ETrade:Cash                           -643.03 USD
  Assets:US:ETrade:GLD                                  8 GLD {79.26 USD, 2021-09-05}
  Expenses:Financial:Commissions                     8.95 USD

2021-09-18 * "Dividends on portfolio"
  Assets:US:ETrade:Cash                             10.12 USD
  Income:US:ETrade:VHT:Dividend                    -10.12 USD

2021-11-01 * "Buy shares of GLD"
  Assets:US:ETrade:Cash                          -4853.95 USD
  Assets:US:ETrade:GLD                                 68 GLD {71.25 USD, 2021-11-01}
  Expenses:Financial:Commissions                     8.95 USD

2021-11-26 * "Sell shares of GLD"
  Assets:US:ETrade:GLD                                -68 GLD {71.25 USD, 2021-11-01} @ 72.95 USD
  Assets:US:ETrade:Cash                           4951.65 USD
  Expenses:Financial:Commissions                     8.95 USD
  Income:US:ETrade:PnL                            -115.60 USD

2021-12-12 * "Buy shares of ITOT"
  Assets:US:ETrade:Cash                          -1076.79 USD
  Assets:US:ETrade:ITOT                                 8 ITOT {133.48 USD, 2021-12-12}
  Expenses:Financial:Commissions                     8.95 USD

2021-12-12 * "Buy shares of GLD"
  Assets:US:ETrade:Cash                          -1192.79 USD
  Assets:US:ETrade:GLD                                 16 GLD {73.99 USD, 2021-12-12}
  Expenses:Financial:Commissions                     8.95 USD

2021-12-12 * "Buy shares of VHT"
  Assets:US:ETrade:Cash                          -1152.95 USD
  Assets:US:ETrade:VHT                                 13 VHT {88.00 USD, 2021-12-12}
  Expenses:Financial:Commissions                     8.95 USD

2021-12-12 * "Buy shares of VEA"
  Assets:US:ETrade:Cash                          -1201.95 USD
  Assets:US:ETrade:VEA                                 10 VEA {119.30 USD, 2021-12-12}
  Expenses:Financial:Commissions                     8.95 USD

2021-12-17 * "Dividends on portfolio"
  Assets:US:ETrade:Cash                             47.86 USD
  Income:US:ETrade:VEA:Dividend                    -47.86 USD

2022-01-14 * "Sell shares of GLD"
  Assets:US:ETrade:GLD                                 -8 GLD {79.26 USD, 2021-09-05} @ 75.05 USD
  Assets:US:ETrade:Cash                            591.45 USD
  Expenses:Financial:Commissions                     8.95 USD
  Income:US:ETrade:PnL                              33.68 USD

2022-03-18 * "Dividends on portfolio"
  Assets:US:ETrade:Cash                             47.86 USD
  Income:US:ETrade:ITOT:Dividend                   -47.86 USD

2022-05-02 * "Sell shares of VEA"
  Assets:US:ETrade:VEA                                 -6 VEA {107.25 USD, 2021-09-05} @ 122.19 USD
  Assets:US:ETrade:Cash                            724.19 USD
  Expenses:Financial:Commissions                     8.95 USD
  Income:US:ETrade:PnL                             -89.64 USD

2022-05-04 * "Sell shares of ITOT"
  Assets:US:ETrade:ITOT                                -8 ITOT {133.48 USD, 2021-12-12} @ 127.62 USD
  Assets:US:ETrade:Cash                           1012.01 USD
  Expenses:Financial:Commissions                     8.95 USD
  Income:US:ETrade:PnL                              46.88 USD

2022-05-07 * "Buy shares of VEA"
  Assets:US:ETrade:Cash                           -877.23 USD
  Assets:US:ETrade:VEA                                  7 VEA {124.04 USD, 2022-05-07}
  Expenses:Financial:Commissions                     8.95 USD

2022-05-07 * "Buy shares of VHT"
  Assets:US:ETrade:Cash                           -851.62 USD
  Assets:US:ETrade:VHT                                  9 VHT {93.63 USD, 2022-05-07}
  Expenses:Financial:Commissions                     8.95 USD

2022-05-07 * "Buy shares of GLD"
  Assets:US:ETrade:Cash                           -874.76 USD
  Assets:US:ETrade:GLD                                 11 GLD {78.71 USD, 2022-05-07}
  Expenses:Financial:Commissions                     8.95 USD

2022-05-21 * "Sell shares of GLD"
  Assets:US:ETrade:GLD                                -11 GLD {78.71 USD, 2022-05-07} @ 77.39 USD
  Assets:US:ETrade:Cash                            842.34 USD
  Expenses:Financial:Commissions                     8.95 USD
  Income:US:ETrade:PnL                              14.52 USD

2022-06-18 * "Dividends on portfolio"
  Assets:US:ETrade:Cash                             58.17 USD
  Income:US:ETrade:ITOT:Dividend                   -58.17 USD

2022-07-23 * "Sell shares of GLD"
  Assets:US:ETrade:GLD                                -16 GLD {73.99 USD, 2021-12-12} @ 76.64 USD
  Assets:US:ETrade:Cash                           1217.29 USD
  Expenses:Financial:Commissions                     8.95 USD
  Income:US:ETrade:PnL                             -42.40 USD

2022-09-04 * "Buy shares of GLD"
  Assets:US:ETrade:Cash                          -3271.32 USD
  Assets:US:ETrade:GLD                                 41 GLD {79.57 USD, 2022-09-04}
  Expenses:Financial:Commissions                     8.95 USD

2022-09-04 * "Buy shares of VEA"
  Assets:US:ETrade:Cash                          -3244.63 USD
  Assets:US:ETrade:VEA                                 24 VEA {134.82 USD, 2022-09-04}
  Expenses:Financial:Commissions                     8.95 USD

2022-09-18 * "Dividends on portfolio"
  Assets:US:ETrade:Cash                             84.16 USD
  Income:US:ETrade:VHT:Dividend                    -84.16 USD

2022-09-23 * "Sell shares of VEA"
  Assets:US:ETrade:VEA                                -10 VEA {119.30 USD, 2021-12-12} @ 137.54 USD
  Assets:US:ETrade:Cash                           1366.45 USD
  Expenses:Financial:Commissions                     8.95 USD
  Income:US:ETrade:PnL                            -182.40 USD

2022-10-10 * "Buy shares of ITOT"
  Assets:US:ETrade:Cash                          -1431.22 USD
  Assets:US:ETrade:ITOT                                 9 ITOT {158.03 USD, 2022-10-10}
  Expenses:Financial:Commissions                     8.95 USD

2022-10-18 * "Buy shares of VEA"
  Assets:US:ETrade:Cash                          -1959.85 USD
  Assets:US:ETrade:VEA                                 14 VEA {139.35 USD, 2022-10-18}
  Expenses:Financial:Commissions                     8.95 USD

2022-10-18 * "Buy shares of VHT"
  Assets:US:ETrade:Cash                          -1938.21 USD
  Assets:US:ETrade:VHT                                 19 VHT {101.54 USD, 2022-10-18}
  Expenses:Financial:Commissions                     8.95 USD

2022-12-11 * "Buy shares of VHT"
  Assets:US:ETrade:Cash                           -816.07 USD
  Assets:US:ETrade:VHT                                  8 VHT {100.89 USD, 2022-12-11}
  Expenses:Financial:Commissions                     8.95 USD

2022-12-11 * "Buy shares of ITOT"
  Assets:US:ETrade:Cash                           -885.79 USD
  Assets:US:ETrade:ITOT                                 6 ITOT {146.14 USD, 2022-12-11}
  Expenses:Financial:Commissions                     8.95 USD

2022-12-11 * "Buy shares of VEA"
  Assets:US:ETrade:Cash                           -900.47 USD
  Assets:US:ETrade:VEA                                  7 VEA {127.36 USD, 2022-12-11}
  Expenses:Financial:Commissions                     8.95 USD

2022-12-11 * "Buy shares of GLD"
  Assets:US:ETrade:Cash                           -852.43 USD
  Assets:US:ETrade:GLD                                 11 GLD {76.68 USD, 2022-12-11}
  Expenses:Financial:Commissions                     8.95 USD

2022-12-17 * "Dividends on portfolio"
  Assets:US:ETrade:Cash                            119.04 USD
  Income:US:ETrade:ITOT:Dividend                  -119.04 USD

2023-01-02 * "Sell shares of GLD"
  Assets:US:ETrade:GLD                                -41 GLD {79.57 USD, 2022-09-04} @ 75.57 USD
  Assets:US:ETrade:Cash                           3089.42 USD
  Expenses:Financial:Commissions                     8.95 USD
  Income:US:ETrade:PnL                             164.00 USD

2023-01-05 * "Buy shares of VEA"
  Assets:US:ETrade:Cash                          -1095.83 USD
  Assets:US:ETrade:VEA                                  8 VEA {135.86 USD, 2023-01-05}
  Expenses:Financial:Commissions                     8.95 USD

2023-01-05 * "Buy shares of GLD"
  Assets:US:ETrade:Cash                          -1066.93 USD
  Assets:US:ETrade:GLD                                 14 GLD {75.57 USD, 2023-01-05}
  Expenses:Financial:Commissions                     8.95 USD

2023-01-05 * "Buy shares of VHT"
  Assets:US:ETrade:Cash                          -1062.95 USD
  Assets:US:ETrade:VHT                                 10 VHT {105.40 USD, 2023-01-05}
  Expenses:Financial:Commissions                     8.95 USD

2023-01-22 * "Buy shares of VHT"
  Assets:US:ETrade:Cash                           -637.39 USD
  Assets:US:ETrade:VHT                                  6 VHT {104.74 USD, 2023-01-22}
  Expenses:Financial:Commissions                     8.95 USD

2023-01-22 * "Buy shares of ITOT"
  Assets:US:ETrade:Cash                           -617.79 USD
  Assets:US:ETrade:ITOT                                 4 ITOT {152.21 USD, 2023-01-22}
  Expenses:Financial:Commissions                     8.95 USD

2023-01-22 * "Buy shares of GLD"
  Assets:US:ETrade:Cash                           -703.35 USD
  Assets:US:ETrade:GLD                                 10 GLD {69.44 USD, 2023-01-22}
  Expenses:Financial:Commissions                     8.95 USD

2023-01-22 * "Buy shares of VEA"
  Assets:US:ETrade:Cash                           -705.00 USD
  Assets:US:ETrade:VEA                                  5 VEA {139.21 USD, 2023-01-22}
  Expenses:Financial:Commissions                     8.95 USD



* Vanguard Investments

2021-01-01 open Assets:US:Vanguard:VBMPX                     VBMPX
  number: "882882"
2021-01-01 open Assets:US:Vanguard:RGAGX                     RGAGX
  number: "882882"
2021-01-01 open Assets:US:Vanguard                            USD
  address: "P.O. Box 1110, Valley Forge, PA 19482-1110"
  institution: "Vanguard Group"
  phone: "+1.800.523.1188"
2021-01-01 open Income:US:Hooli:Match401k                   USD
2021-01-01 open Assets:US:Vanguard:Cash                       USD
  number: "882882"

2021-01-08 * "Employer match for contribution"
  Assets:US:Vanguard:Cash                          600.00 USD
  Income:US:Hooli:Match401k                       -600.00 USD

2021-01-11 * "Investing 40% of cash in VBMPX"
  Assets:US:Vanguard:VBMPX                          9.558 VBMPX {50.22 USD, 2021-01-11}
  Assets:US:Vanguard:Cash                         -480.00 USD

2021-01-11 * "Investing 60% of cash in RGAGX"
  Assets:US:Vanguard:RGAGX                         12.522 RGAGX {57.50 USD, 2021-01-11}
  Assets:US:Vanguard:Cash                         -720.02 USD

2021-01-11 * "Investing 40% of cash in VBMPX"
  Assets:US:Vanguard:VBMPX                          4.779 VBMPX {50.22 USD, 2021-01-11}
  Assets:US:Vanguard:Cash                         -240.00 USD

2021-01-11 * "Investing 60% of cash in RGAGX"
  Assets:US:Vanguard:RGAGX                          6.261 RGAGX {57.50 USD, 2021-01-11}
  Assets:US:Vanguard:Cash                         -360.01 USD

2021-01-22 * "Employer match for contribution"
  Assets:US:Vanguard:Cash                          600.00 USD
  Income:US:Hooli:Match401k                       -600.00 USD

2021-01-25 * "Investing 40% of cash in VBMPX"
  Assets:US:Vanguard:VBMPX                          9.486 VBMPX {50.60 USD, 2021-01-25}
  Assets:US:Vanguard:Cash                         -479.99 USD

2021-01-25 * "Investing 60% of cash in RGAGX"
  Assets:US:Vanguard:RGAGX                         12.541 RGAGX {57.41 USD, 2021-01-25}
  Assets:US:Vanguard:Cash                         -719.98 USD

2021-01-25 * "Investing 40% of cash in VBMPX"
  Assets:US:Vanguard:VBMPX                          4.743 VBMPX {50.60 USD, 2021-01-25}
  Assets:US:Vanguard:Cash                         -240.00 USD

2021-01-25 * "Investing 60% of cash in RGAGX"
  Assets:US:Vanguard:RGAGX                          6.271 RGAGX {57.41 USD, 2021-01-25}
  Assets:US:Vanguard:Cash                         -360.02 USD

2021-02-05 * "Employer match for contribution"
  Assets:US:Vanguard:Cash                          600.00 USD
  Income:US:Hooli:Match401k                       -600.00 USD

2021-02-08 * "Investing 40% of cash in VBMPX"
  Assets:US:Vanguard:VBMPX                          9.579 VBMPX {50.11 USD, 2021-02-08}
  Assets:US:Vanguard:Cash                         -480.00 USD

2021-02-08 * "Investing 60% of cash in RGAGX"
  Assets:US:Vanguard:RGAGX                         12.589 RGAGX {57.19 USD, 2021-02-08}
  Assets:US:Vanguard:Cash                         -719.96 USD

2021-02-08 * "Investing 40% of cash in VBMPX"
  Assets:US:Vanguard:VBMPX                          4.790 VBMPX {50.11 USD, 2021-02-08}
  Assets:US:Vanguard:Cash                         -240.03 USD

2021-02-08 * "Investing 60% of cash in RGAGX"
  Assets:US:Vanguard:RGAGX                          6.295 RGAGX {57.19 USD, 2021-02-08}
  Assets:US:Vanguard:Cash                         -360.01 USD

2021-02-19 * "Employer match for contribution"
  Assets:US:Vanguard:Cash                          600.00 USD
  Income:US:Hooli:Match401k                       -600.00 USD

2021-02-22 * "Investing 40% of cash in VBMPX"
  Assets:US:Vanguard:VBMPX                          9.656 VBMPX {49.71 USD, 2021-02-22}
  Assets:US:Vanguard:Cash                         -480.00 USD

2021-02-22 * "Investing 60% of cash in RGAGX"
  Assets:US:Vanguard:RGAGX                         12.674 RGAGX {56.81 USD, 2021-02-22}
  Assets:US:Vanguard:Cash                         -720.01 USD

2021-02-22 * "Investing 40% of cash in VBMPX"
  Assets:US:Vanguard:VBMPX                          4.828 VBMPX {49.71 USD, 2021-02-22}
  Assets:US:Vanguard:Cash                         -240.00 USD

2021-02-22 * "Investing 60% of cash in RGAGX"
  Assets:US:Vanguard:RGAGX                          6.337 RGAGX {56.81 USD, 2021-02-22}
  Assets:US:Vanguard:Cash                         -360.00 USD

2021-03-05 * "Employer match for contribution"
  Assets:US:Vanguard:Cash                          600.00 USD
  Income:US:Hooli:Match401k                       -600.00 USD

2021-03-08 * "Investing 40% of cash in VBMPX"
  Assets:US:Vanguard:VBMPX                          9.772 VBMPX {49.12 USD, 2021-03-08}
  Assets:US:Vanguard:Cash                         -480.00 USD

2021-03-08 * "Investing 60% of cash in RGAGX"
  Assets:US:Vanguard:RGAGX                         12.866 RGAGX {55.96 USD, 2021-03-08}
  Assets:US:Vanguard:Cash                         -719.98 USD

2021-03-08 * "Investing 40% of cash in VBMPX"
  Assets:US:Vanguard:VBMPX                          4.886 VBMPX {49.12 USD, 2021-03-08}
  Assets:US:Vanguard:Cash                         -240.00 USD

2021-03-08 * "Investing 60% of cash in RGAGX"
  Assets:US:Vanguard:RGAGX                          6.433 RGAGX {55.96 USD, 2021-03-08}
  Assets:US:Vanguard:Cash                         -359.99 USD

2021-03-19 * "Employer match for contribution"
  Assets:US:Vanguard:Cash                          600.00 USD
  Income:US:Hooli:Match401k                       -600.00 USD

2021-03-22 * "Investing 40% of cash in VBMPX"
  Assets:US:Vanguard:VBMPX                          9.384 VBMPX {51.15 USD, 2021-03-22}
  Assets:US:Vanguard:Cash                         -479.99 USD

2021-03-22 * "Investing 60% of cash in RGAGX"
  Assets:US:Vanguard:RGAGX                         12.832 RGAGX {56.11 USD, 2021-03-22}
  Assets:US:Vanguard:Cash                         -720.00 USD

2021-03-22 * "Investing 40% of cash in VBMPX"
  Assets:US:Vanguard:VBMPX                          4.692 VBMPX {51.15 USD, 2021-03-22}
  Assets:US:Vanguard:Cash                         -240.00 USD

2021-03-22 * "Investing 60% of cash in RGAGX"
  Assets:US:Vanguard:RGAGX                          6.416 RGAGX {56.11 USD, 2021-03-22}
  Assets:US:Vanguard:Cash                         -360.00 USD

2021-04-02 * "Employer match for contribution"
  Assets:US:Vanguard:Cash                          600.00 USD
  Income:US:Hooli:Match401k                       -600.00 USD

2021-04-05 * "Investing 40% of cash in VBMPX"
  Assets:US:Vanguard:VBMPX                          9.397 VBMPX {51.08 USD, 2021-04-05}
  Assets:US:Vanguard:Cash                         -480.00 USD

2021-04-05 * "Investing 60% of cash in RGAGX"
  Assets:US:Vanguard:RGAGX                         12.599 RGAGX {57.15 USD, 2021-04-05}
  Assets:US:Vanguard:Cash                         -720.03 USD

2021-04-05 * "Investing 40% of cash in VBMPX"
  Assets:US:Vanguard:VBMPX                          4.698 VBMPX {51.08 USD, 2021-04-05}
  Assets:US:Vanguard:Cash                         -239.97 USD

2021-04-05 * "Investing 60% of cash in RGAGX"
  Assets:US:Vanguard:RGAGX                          6.299 RGAGX {57.15 USD, 2021-04-05}
  Assets:US:Vanguard:Cash                         -359.99 USD

2021-04-16 * "Employer match for contribution"
  Assets:US:Vanguard:Cash                          600.00 USD
  Income:US:Hooli:Match401k                       -600.00 USD

2021-04-19 * "Investing 40% of cash in VBMPX"
  Assets:US:Vanguard:VBMPX                          9.481 VBMPX {50.63 USD, 2021-04-19}
  Assets:US:Vanguard:Cash                         -480.02 USD

2021-04-19 * "Investing 60% of cash in RGAGX"
  Assets:US:Vanguard:RGAGX                         12.612 RGAGX {57.09 USD, 2021-04-19}
  Assets:US:Vanguard:Cash                         -720.02 USD

2021-04-19 * "Investing 40% of cash in VBMPX"
  Assets:US:Vanguard:VBMPX                          4.740 VBMPX {50.63 USD, 2021-04-19}
  Assets:US:Vanguard:Cash                         -239.99 USD

2021-04-19 * "Investing 60% of cash in RGAGX"
  Assets:US:Vanguard:RGAGX                          6.306 RGAGX {57.09 USD, 2021-04-19}
  Assets:US:Vanguard:Cash                         -360.01 USD

2021-04-30 * "Employer match for contribution"
  Assets:US:Vanguard:Cash                          600.00 USD
  Income:US:Hooli:Match401k                       -600.00 USD

2021-05-03 * "Investing 40% of cash in VBMPX"
  Assets:US:Vanguard:VBMPX                          9.357 VBMPX {51.30 USD, 2021-05-03}
  Assets:US:Vanguard:Cash                         -480.01 USD

2021-05-03 * "Investing 60% of cash in RGAGX"
  Assets:US:Vanguard:RGAGX                         12.583 RGAGX {57.22 USD, 2021-05-03}
  Assets:US:Vanguard:Cash                         -720.00 USD

2021-05-03 * "Investing 40% of cash in VBMPX"
  Assets:US:Vanguard:VBMPX                          4.678 VBMPX {51.30 USD, 2021-05-03}
  Assets:US:Vanguard:Cash                         -239.98 USD

2021-05-03 * "Investing 60% of cash in RGAGX"
  Assets:US:Vanguard:RGAGX                          6.291 RGAGX {57.22 USD, 2021-05-03}
  Assets:US:Vanguard:Cash                         -359.97 USD

2021-05-14 * "Employer match for contribution"
  Assets:US:Vanguard:Cash                          600.00 USD
  Income:US:Hooli:Match401k                       -600.00 USD

2021-05-17 * "Investing 40% of cash in VBMPX"
  Assets:US:Vanguard:VBMPX                          9.736 VBMPX {49.30 USD, 2021-05-17}
  Assets:US:Vanguard:Cash                         -479.98 USD

2021-05-17 * "Investing 60% of cash in RGAGX"
  Assets:US:Vanguard:RGAGX                         12.661 RGAGX {56.87 USD, 2021-05-17}
  Assets:US:Vanguard:Cash                         -720.03 USD

2021-05-17 * "Investing 40% of cash in VBMPX"
  Assets:US:Vanguard:VBMPX                          4.868 VBMPX {49.30 USD, 2021-05-17}
  Assets:US:Vanguard:Cash                         -239.99 USD

2021-05-17 * "Investing 60% of cash in RGAGX"
  Assets:US:Vanguard:RGAGX                          6.330 RGAGX {56.87 USD, 2021-05-17}
  Assets:US:Vanguard:Cash                         -359.99 USD

2021-05-28 * "Employer match for contribution"
  Assets:US:Vanguard:Cash                          600.00 USD
  Income:US:Hooli:Match401k                       -600.00 USD

2021-05-31 * "Investing 40% of cash in VBMPX"
  Assets:US:Vanguard:VBMPX                          9.948 VBMPX {48.25 USD, 2021-05-31}
  Assets:US:Vanguard:Cash                         -479.99 USD

2021-05-31 * "Investing 60% of cash in RGAGX"
  Assets:US:Vanguard:RGAGX                         12.665 RGAGX {56.85 USD, 2021-05-31}
  Assets:US:Vanguard:Cash                         -720.01 USD

2021-05-31 * "Investing 40% of cash in VBMPX"
  Assets:US:Vanguard:VBMPX                          4.974 VBMPX {48.25 USD, 2021-05-31}
  Assets:US:Vanguard:Cash                         -240.00 USD

2021-05-31 * "Investing 60% of cash in RGAGX"
  Assets:US:Vanguard:RGAGX                          6.333 RGAGX {56.85 USD, 2021-05-31}
  Assets:US:Vanguard:Cash                         -360.03 USD

2021-06-11 * "Employer match for contribution"
  Assets:US:Vanguard:Cash                          600.00 USD
  Income:US:Hooli:Match401k                       -600.00 USD

2021-06-14 * "Investing 40% of cash in VBMPX"
  Assets:US:Vanguard:VBMPX                          9.635 VBMPX {49.82 USD, 2021-06-14}
  Assets:US:Vanguard:Cash                         -480.02 USD

2021-06-14 * "Investing 60% of cash in RGAGX"
  Assets:US:Vanguard:RGAGX                         12.710 RGAGX {56.65 USD, 2021-06-14}
  Assets:US:Vanguard:Cash                         -720.02 USD

2021-06-14 * "Investing 40% of cash in VBMPX"
  Assets:US:Vanguard:VBMPX                          4.817 VBMPX {49.82 USD, 2021-06-14}
  Assets:US:Vanguard:Cash                         -239.98 USD

2021-06-14 * "Investing 60% of cash in RGAGX"
  Assets:US:Vanguard:RGAGX                          6.354 RGAGX {56.65 USD, 2021-06-14}
  Assets:US:Vanguard:Cash                         -359.95 USD

2021-06-25 * "Employer match for contribution"
  Assets:US:Vanguard:Cash                          600.00 USD
  Income:US:Hooli:Match401k                       -600.00 USD

2021-06-28 * "Investing 40% of cash in VBMPX"
  Assets:US:Vanguard:VBMPX                          9.447 VBMPX {50.81 USD, 2021-06-28}
  Assets:US:Vanguard:Cash                         -480.00 USD

2021-06-28 * "Investing 60% of cash in RGAGX"
  Assets:US:Vanguard:RGAGX                         12.647 RGAGX {56.93 USD, 2021-06-28}
  Assets:US:Vanguard:Cash                         -719.99 USD

2021-06-28 * "Investing 40% of cash in VBMPX"
  Assets:US:Vanguard:VBMPX                          4.724 VBMPX {50.81 USD, 2021-06-28}
  Assets:US:Vanguard:Cash                         -240.03 USD

2021-06-28 * "Investing 60% of cash in RGAGX"
  Assets:US:Vanguard:RGAGX                          6.324 RGAGX {56.93 USD, 2021-06-28}
  Assets:US:Vanguard:Cash                         -360.03 USD

2021-07-09 * "Employer match for contribution"
  Assets:US:Vanguard:Cash                          600.00 USD
  Income:US:Hooli:Match401k                       -600.00 USD

2021-07-12 * "Investing 40% of cash in VBMPX"
  Assets:US:Vanguard:VBMPX                          9.243 VBMPX {51.93 USD, 2021-07-12}
  Assets:US:Vanguard:Cash                         -479.99 USD

2021-07-12 * "Investing 60% of cash in RGAGX"
  Assets:US:Vanguard:RGAGX                         12.631 RGAGX {57.00 USD, 2021-07-12}
  Assets:US:Vanguard:Cash                         -719.97 USD

2021-07-12 * "Investing 40% of cash in VBMPX"
  Assets:US:Vanguard:VBMPX                          4.622 VBMPX {51.93 USD, 2021-07-12}
  Assets:US:Vanguard:Cash                         -240.02 USD

2021-07-12 * "Investing 60% of cash in RGAGX"
  Assets:US:Vanguard:RGAGX                          6.316 RGAGX {57.00 USD, 2021-07-12}
  Assets:US:Vanguard:Cash                         -360.01 USD

2021-07-23 * "Employer match for contribution"
  Assets:US:Vanguard:Cash                          600.00 USD
  Income:US:Hooli:Match401k                       -600.00 USD

2021-07-26 * "Investing 40% of cash in VBMPX"
  Assets:US:Vanguard:VBMPX                          9.050 VBMPX {53.04 USD, 2021-07-26}
  Assets:US:Vanguard:Cash                         -480.01 USD

2021-07-26 * "Investing 60% of cash in RGAGX"
  Assets:US:Vanguard:RGAGX                         12.498 RGAGX {57.61 USD, 2021-07-26}
  Assets:US:Vanguard:Cash                         -720.01 USD

2021-07-26 * "Investing 40% of cash in VBMPX"
  Assets:US:Vanguard:VBMPX                          4.525 VBMPX {53.04 USD, 2021-07-26}
  Assets:US:Vanguard:Cash                         -240.01 USD

2021-07-26 * "Investing 60% of cash in RGAGX"
  Assets:US:Vanguard:RGAGX                          6.249 RGAGX {57.61 USD, 2021-07-26}
  Assets:US:Vanguard:Cash                         -360.00 USD

2021-08-06 * "Employer match for contribution"
  Assets:US:Vanguard:Cash                          250.00 USD
  Income:US:Hooli:Match401k                       -250.00 USD

2021-08-09 * "Investing 40% of cash in VBMPX"
  Assets:US:Vanguard:VBMPX                          3.762 VBMPX {53.16 USD, 2021-08-09}
  Assets:US:Vanguard:Cash                         -199.99 USD

2021-08-09 * "Investing 60% of cash in RGAGX"
  Assets:US:Vanguard:RGAGX                          5.145 RGAGX {58.30 USD, 2021-08-09}
  Assets:US:Vanguard:Cash                         -299.95 USD

2021-08-09 * "Investing 40% of cash in VBMPX"
  Assets:US:Vanguard:VBMPX                          1.881 VBMPX {53.16 USD, 2021-08-09}
  Assets:US:Vanguard:Cash                          -99.99 USD

2021-08-09 * "Investing 60% of cash in RGAGX"
  Assets:US:Vanguard:RGAGX                          2.573 RGAGX {58.30 USD, 2021-08-09}
  Assets:US:Vanguard:Cash                         -150.01 USD

2022-01-07 * "Employer match for contribution"
  Assets:US:Vanguard:Cash                          600.00 USD
  Income:US:Hooli:Match401k                       -600.00 USD

2022-01-10 * "Investing 40% of cash in VBMPX"
  Assets:US:Vanguard:VBMPX                          8.482 VBMPX {56.59 USD, 2022-01-10}
  Assets:US:Vanguard:Cash                         -480.00 USD

2022-01-10 * "Investing 60% of cash in RGAGX"
  Assets:US:Vanguard:RGAGX                         12.222 RGAGX {58.91 USD, 2022-01-10}
  Assets:US:Vanguard:Cash                         -720.00 USD

2022-01-10 * "Investing 40% of cash in VBMPX"
  Assets:US:Vanguard:VBMPX                          4.241 VBMPX {56.59 USD, 2022-01-10}
  Assets:US:Vanguard:Cash                         -240.00 USD

2022-01-10 * "Investing 60% of cash in RGAGX"
  Assets:US:Vanguard:RGAGX                          6.111 RGAGX {58.91 USD, 2022-01-10}
  Assets:US:Vanguard:Cash                         -360.00 USD

2022-01-21 * "Employer match for contribution"
  Assets:US:Vanguard:Cash                          600.00 USD
  Income:US:Hooli:Match401k                       -600.00 USD

2022-01-24 * "Investing 40% of cash in VBMPX"
  Assets:US:Vanguard:VBMPX                          8.186 VBMPX {58.64 USD, 2022-01-24}
  Assets:US:Vanguard:Cash                         -480.03 USD

2022-01-24 * "Investing 60% of cash in RGAGX"
  Assets:US:Vanguard:RGAGX                         12.352 RGAGX {58.29 USD, 2022-01-24}
  Assets:US:Vanguard:Cash                         -720.00 USD

2022-01-24 * "Investing 40% of cash in VBMPX"
  Assets:US:Vanguard:VBMPX                          4.093 VBMPX {58.64 USD, 2022-01-24}
  Assets:US:Vanguard:Cash                         -240.01 USD

2022-01-24 * "Investing 60% of cash in RGAGX"
  Assets:US:Vanguard:RGAGX                          6.176 RGAGX {58.29 USD, 2022-01-24}
  Assets:US:Vanguard:Cash                         -360.00 USD

2022-02-04 * "Employer match for contribution"
  Assets:US:Vanguard:Cash                          600.00 USD
  Income:US:Hooli:Match401k                       -600.00 USD

2022-02-07 * "Investing 40% of cash in VBMPX"
  Assets:US:Vanguard:VBMPX                          7.952 VBMPX {60.36 USD, 2022-02-07}
  Assets:US:Vanguard:Cash                         -479.98 USD

2022-02-07 * "Investing 60% of cash in RGAGX"
  Assets:US:Vanguard:RGAGX                         12.303 RGAGX {58.52 USD, 2022-02-07}
  Assets:US:Vanguard:Cash                         -719.97 USD

2022-02-07 * "Investing 40% of cash in VBMPX"
  Assets:US:Vanguard:VBMPX                          3.976 VBMPX {60.36 USD, 2022-02-07}
  Assets:US:Vanguard:Cash                         -239.99 USD

2022-02-07 * "Investing 60% of cash in RGAGX"
  Assets:US:Vanguard:RGAGX                          6.152 RGAGX {58.52 USD, 2022-02-07}
  Assets:US:Vanguard:Cash                         -360.02 USD

2022-02-18 * "Employer match for contribution"
  Assets:US:Vanguard:Cash                          600.00 USD
  Income:US:Hooli:Match401k                       -600.00 USD

2022-02-21 * "Investing 40% of cash in VBMPX"
  Assets:US:Vanguard:VBMPX                          7.926 VBMPX {60.56 USD, 2022-02-21}
  Assets:US:Vanguard:Cash                         -480.00 USD

2022-02-21 * "Investing 60% of cash in RGAGX"
  Assets:US:Vanguard:RGAGX                         12.388 RGAGX {58.12 USD, 2022-02-21}
  Assets:US:Vanguard:Cash                         -719.99 USD

2022-02-21 * "Investing 40% of cash in VBMPX"
  Assets:US:Vanguard:VBMPX                          3.963 VBMPX {60.56 USD, 2022-02-21}
  Assets:US:Vanguard:Cash                         -240.00 USD

2022-02-21 * "Investing 60% of cash in RGAGX"
  Assets:US:Vanguard:RGAGX                          6.194 RGAGX {58.12 USD, 2022-02-21}
  Assets:US:Vanguard:Cash                         -360.00 USD

2022-03-04 * "Employer match for contribution"
  Assets:US:Vanguard:Cash                          600.00 USD
  Income:US:Hooli:Match401k                       -600.00 USD

2022-03-07 * "Investing 40% of cash in VBMPX"
  Assets:US:Vanguard:VBMPX                          7.819 VBMPX {61.39 USD, 2022-03-07}
  Assets:US:Vanguard:Cash                         -480.01 USD

2022-03-07 * "Investing 60% of cash in RGAGX"
  Assets:US:Vanguard:RGAGX                         12.513 RGAGX {57.54 USD, 2022-03-07}
  Assets:US:Vanguard:Cash                         -720.00 USD

2022-03-07 * "Investing 40% of cash in VBMPX"
  Assets:US:Vanguard:VBMPX                          3.910 VBMPX {61.39 USD, 2022-03-07}
  Assets:US:Vanguard:Cash                         -240.03 USD

2022-03-07 * "Investing 60% of cash in RGAGX"
  Assets:US:Vanguard:RGAGX                          6.257 RGAGX {57.54 USD, 2022-03-07}
  Assets:US:Vanguard:Cash                         -360.03 USD

2022-03-18 * "Employer match for contribution"
  Assets:US:Vanguard:Cash                          600.00 USD
  Income:US:Hooli:Match401k                       -600.00 USD

2022-03-21 * "Investing 40% of cash in VBMPX"
  Assets:US:Vanguard:VBMPX                          7.838 VBMPX {61.24 USD, 2022-03-21}
  Assets:US:Vanguard:Cash                         -480.00 USD

2022-03-21 * "Investing 60% of cash in RGAGX"
  Assets:US:Vanguard:RGAGX                         12.284 RGAGX {58.61 USD, 2022-03-21}
  Assets:US:Vanguard:Cash                         -719.97 USD

2022-03-21 * "Investing 40% of cash in VBMPX"
  Assets:US:Vanguard:VBMPX                          3.919 VBMPX {61.24 USD, 2022-03-21}
  Assets:US:Vanguard:Cash                         -240.00 USD

2022-03-21 * "Investing 60% of cash in RGAGX"
  Assets:US:Vanguard:RGAGX                          6.142 RGAGX {58.61 USD, 2022-03-21}
  Assets:US:Vanguard:Cash                         -359.98 USD

2022-04-01 * "Employer match for contribution"
  Assets:US:Vanguard:Cash                          600.00 USD
  Income:US:Hooli:Match401k                       -600.00 USD

2022-04-04 * "Investing 40% of cash in VBMPX"
  Assets:US:Vanguard:VBMPX                          7.903 VBMPX {60.74 USD, 2022-04-04}
  Assets:US:Vanguard:Cash                         -480.03 USD

2022-04-04 * "Investing 60% of cash in RGAGX"
  Assets:US:Vanguard:RGAGX                         12.316 RGAGX {58.46 USD, 2022-04-04}
  Assets:US:Vanguard:Cash                         -719.99 USD

2022-04-04 * "Investing 40% of cash in VBMPX"
  Assets:US:Vanguard:VBMPX                          3.951 VBMPX {60.74 USD, 2022-04-04}
  Assets:US:Vanguard:Cash                         -239.98 USD

2022-04-04 * "Investing 60% of cash in RGAGX"
  Assets:US:Vanguard:RGAGX                          6.158 RGAGX {58.46 USD, 2022-04-04}
  Assets:US:Vanguard:Cash                         -360.00 USD

2022-04-15 * "Employer match for contribution"
  Assets:US:Vanguard:Cash                          600.00 USD
  Income:US:Hooli:Match401k                       -600.00 USD

2022-04-18 * "Investing 40% of cash in VBMPX"
  Assets:US:Vanguard:VBMPX                          7.762 VBMPX {61.84 USD, 2022-04-18}
  Assets:US:Vanguard:Cash                         -480.00 USD

2022-04-18 * "Investing 60% of cash in RGAGX"
  Assets:US:Vanguard:RGAGX                         11.988 RGAGX {60.06 USD, 2022-04-18}
  Assets:US:Vanguard:Cash                         -720.00 USD

2022-04-18 * "Investing 40% of cash in VBMPX"
  Assets:US:Vanguard:VBMPX                          3.881 VBMPX {61.84 USD, 2022-04-18}
  Assets:US:Vanguard:Cash                         -240.00 USD

2022-04-18 * "Investing 60% of cash in RGAGX"
  Assets:US:Vanguard:RGAGX                          5.994 RGAGX {60.06 USD, 2022-04-18}
  Assets:US:Vanguard:Cash                         -360.00 USD

2022-04-29 * "Employer match for contribution"
  Assets:US:Vanguard:Cash                          600.00 USD
  Income:US:Hooli:Match401k                       -600.00 USD

2022-05-02 * "Investing 40% of cash in VBMPX"
  Assets:US:Vanguard:VBMPX                          7.652 VBMPX {62.73 USD, 2022-05-02}
  Assets:US:Vanguard:Cash                         -480.01 USD

2022-05-02 * "Investing 60% of cash in RGAGX"
  Assets:US:Vanguard:RGAGX                         11.850 RGAGX {60.76 USD, 2022-05-02}
  Assets:US:Vanguard:Cash                         -720.01 USD

2022-05-02 * "Investing 40% of cash in VBMPX"
  Assets:US:Vanguard:VBMPX                          3.826 VBMPX {62.73 USD, 2022-05-02}
  Assets:US:Vanguard:Cash                         -240.00 USD

2022-05-02 * "Investing 60% of cash in RGAGX"
  Assets:US:Vanguard:RGAGX                          5.925 RGAGX {60.76 USD, 2022-05-02}
  Assets:US:Vanguard:Cash                         -360.00 USD

2022-05-13 * "Employer match for contribution"
  Assets:US:Vanguard:Cash                          600.00 USD
  Income:US:Hooli:Match401k                       -600.00 USD

2022-05-16 * "Investing 40% of cash in VBMPX"
  Assets:US:Vanguard:VBMPX                          7.780 VBMPX {61.70 USD, 2022-05-16}
  Assets:US:Vanguard:Cash                         -480.03 USD

2022-05-16 * "Investing 60% of cash in RGAGX"
  Assets:US:Vanguard:RGAGX                         11.905 RGAGX {60.48 USD, 2022-05-16}
  Assets:US:Vanguard:Cash                         -720.01 USD

2022-05-16 * "Investing 40% of cash in VBMPX"
  Assets:US:Vanguard:VBMPX                          3.889 VBMPX {61.70 USD, 2022-05-16}
  Assets:US:Vanguard:Cash                         -239.95 USD

2022-05-16 * "Investing 60% of cash in RGAGX"
  Assets:US:Vanguard:RGAGX                          5.952 RGAGX {60.48 USD, 2022-05-16}
  Assets:US:Vanguard:Cash                         -359.98 USD

2022-05-27 * "Employer match for contribution"
  Assets:US:Vanguard:Cash                          600.00 USD
  Income:US:Hooli:Match401k                       -600.00 USD

2022-05-30 * "Investing 40% of cash in VBMPX"
  Assets:US:Vanguard:VBMPX                          7.813 VBMPX {61.44 USD, 2022-05-30}
  Assets:US:Vanguard:Cash                         -480.03 USD

2022-05-30 * "Investing 60% of cash in RGAGX"
  Assets:US:Vanguard:RGAGX                         12.026 RGAGX {59.87 USD, 2022-05-30}
  Assets:US:Vanguard:Cash                         -720.00 USD

2022-05-30 * "Investing 40% of cash in VBMPX"
  Assets:US:Vanguard:VBMPX                          3.906 VBMPX {61.44 USD, 2022-05-30}
  Assets:US:Vanguard:Cash                         -239.98 USD

2022-05-30 * "Investing 60% of cash in RGAGX"
  Assets:US:Vanguard:RGAGX                          6.013 RGAGX {59.87 USD, 2022-05-30}
  Assets:US:Vanguard:Cash                         -360.00 USD

2022-06-10 * "Employer match for contribution"
  Assets:US:Vanguard:Cash                          600.00 USD
  Income:US:Hooli:Match401k                       -600.00 USD

2022-06-13 * "Investing 40% of cash in VBMPX"
  Assets:US:Vanguard:VBMPX                          7.780 VBMPX {61.70 USD, 2022-06-13}
  Assets:US:Vanguard:Cash                         -480.03 USD

2022-06-13 * "Investing 60% of cash in RGAGX"
  Assets:US:Vanguard:RGAGX                         12.183 RGAGX {59.10 USD, 2022-06-13}
  Assets:US:Vanguard:Cash                         -720.02 USD

2022-06-13 * "Investing 40% of cash in VBMPX"
  Assets:US:Vanguard:VBMPX                          3.890 VBMPX {61.70 USD, 2022-06-13}
  Assets:US:Vanguard:Cash                         -240.01 USD

2022-06-13 * "Investing 60% of cash in RGAGX"
  Assets:US:Vanguard:RGAGX                          6.091 RGAGX {59.10 USD, 2022-06-13}
  Assets:US:Vanguard:Cash                         -359.98 USD

2022-06-24 * "Employer match for contribution"
  Assets:US:Vanguard:Cash                          600.00 USD
  Income:US:Hooli:Match401k                       -600.00 USD

2022-06-27 * "Investing 40% of cash in VBMPX"
  Assets:US:Vanguard:VBMPX                          7.758 VBMPX {61.87 USD, 2022-06-27}
  Assets:US:Vanguard:Cash                         -479.99 USD

2022-06-27 * "Investing 60% of cash in RGAGX"
  Assets:US:Vanguard:RGAGX                         12.034 RGAGX {59.83 USD, 2022-06-27}
  Assets:US:Vanguard:Cash                         -719.99 USD

2022-06-27 * "Investing 40% of cash in VBMPX"
  Assets:US:Vanguard:VBMPX                          3.879 VBMPX {61.87 USD, 2022-06-27}
  Assets:US:Vanguard:Cash                         -239.99 USD

2022-06-27 * "Investing 60% of cash in RGAGX"
  Assets:US:Vanguard:RGAGX                          6.017 RGAGX {59.83 USD, 2022-06-27}
  Assets:US:Vanguard:Cash                         -360.00 USD

2022-07-08 * "Employer match for contribution"
  Assets:US:Vanguard:Cash                          600.00 USD
  Income:US:Hooli:Match401k                       -600.00 USD

2022-07-11 * "Investing 40% of cash in VBMPX"
  Assets:US:Vanguard:VBMPX                          7.793 VBMPX {61.59 USD, 2022-07-11}
  Assets:US:Vanguard:Cash                         -479.97 USD

2022-07-11 * "Investing 60% of cash in RGAGX"
  Assets:US:Vanguard:RGAGX                         12.172 RGAGX {59.15 USD, 2022-07-11}
  Assets:US:Vanguard:Cash                         -719.97 USD

2022-07-11 * "Investing 40% of cash in VBMPX"
  Assets:US:Vanguard:VBMPX                          3.897 VBMPX {61.59 USD, 2022-07-11}
  Assets:US:Vanguard:Cash                         -240.02 USD

2022-07-11 * "Investing 60% of cash in RGAGX"
  Assets:US:Vanguard:RGAGX                          6.087 RGAGX {59.15 USD, 2022-07-11}
  Assets:US:Vanguard:Cash                         -360.05 USD

2022-07-22 * "Employer match for contribution"
  Assets:US:Vanguard:Cash                          600.00 USD
  Income:US:Hooli:Match401k                       -600.00 USD

2022-07-25 * "Investing 40% of cash in VBMPX"
  Assets:US:Vanguard:VBMPX                          8.126 VBMPX {59.07 USD, 2022-07-25}
  Assets:US:Vanguard:Cash                         -480.00 USD

2022-07-25 * "Investing 60% of cash in RGAGX"
  Assets:US:Vanguard:RGAGX                         12.191 RGAGX {59.06 USD, 2022-07-25}
  Assets:US:Vanguard:Cash                         -720.00 USD

2022-07-25 * "Investing 40% of cash in VBMPX"
  Assets:US:Vanguard:VBMPX                          4.063 VBMPX {59.07 USD, 2022-07-25}
  Assets:US:Vanguard:Cash                         -240.00 USD

2022-07-25 * "Investing 60% of cash in RGAGX"
  Assets:US:Vanguard:RGAGX                          6.095 RGAGX {59.06 USD, 2022-07-25}
  Assets:US:Vanguard:Cash                         -359.97 USD

2022-08-05 * "Employer match for contribution"
  Assets:US:Vanguard:Cash                          250.00 USD
  Income:US:Hooli:Match401k                       -250.00 USD

2022-08-08 * "Investing 40% of cash in VBMPX"
  Assets:US:Vanguard:VBMPX                          3.325 VBMPX {60.16 USD, 2022-08-08}
  Assets:US:Vanguard:Cash                         -200.03 USD

2022-08-08 * "Investing 60% of cash in RGAGX"
  Assets:US:Vanguard:RGAGX                          5.065 RGAGX {59.23 USD, 2022-08-08}
  Assets:US:Vanguard:Cash                         -300.00 USD

2022-08-08 * "Investing 40% of cash in VBMPX"
  Assets:US:Vanguard:VBMPX                          1.662 VBMPX {60.16 USD, 2022-08-08}
  Assets:US:Vanguard:Cash                          -99.99 USD

2022-08-08 * "Investing 60% of cash in RGAGX"
  Assets:US:Vanguard:RGAGX                          2.532 RGAGX {59.23 USD, 2022-08-08}
  Assets:US:Vanguard:Cash                         -149.97 USD

2023-01-06 * "Employer match for contribution"
  Assets:US:Vanguard:Cash                          600.00 USD
  Income:US:Hooli:Match401k                       -600.00 USD

2023-01-09 * "Investing 40% of cash in VBMPX"
  Assets:US:Vanguard:VBMPX                          8.161 VBMPX {58.82 USD, 2023-01-09}
  Assets:US:Vanguard:Cash                         -480.03 USD

2023-01-09 * "Investing 60% of cash in RGAGX"
  Assets:US:Vanguard:RGAGX                         12.304 RGAGX {58.52 USD, 2023-01-09}
  Assets:US:Vanguard:Cash                         -720.03 USD

2023-01-09 * "Investing 40% of cash in VBMPX"
  Assets:US:Vanguard:VBMPX                          4.080 VBMPX {58.82 USD, 2023-01-09}
  Assets:US:Vanguard:Cash                         -239.99 USD

2023-01-09 * "Investing 60% of cash in RGAGX"
  Assets:US:Vanguard:RGAGX                          6.151 RGAGX {58.52 USD, 2023-01-09}
  Assets:US:Vanguard:Cash                         -359.96 USD

2023-01-20 * "Employer match for contribution"
  Assets:US:Vanguard:Cash                          600.00 USD
  Income:US:Hooli:Match401k                       -600.00 USD

2023-01-23 * "Investing 40% of cash in VBMPX"
  Assets:US:Vanguard:VBMPX                          7.786 VBMPX {61.65 USD, 2023-01-23}
  Assets:US:Vanguard:Cash                         -480.01 USD

2023-01-23 * "Investing 60% of cash in RGAGX"
  Assets:US:Vanguard:RGAGX                         12.220 RGAGX {58.92 USD, 2023-01-23}
  Assets:US:Vanguard:Cash                         -720.00 USD

2023-01-23 * "Investing 40% of cash in VBMPX"
  Assets:US:Vanguard:VBMPX                          3.893 VBMPX {61.65 USD, 2023-01-23}
  Assets:US:Vanguard:Cash                         -240.00 USD

2023-01-23 * "Investing 60% of cash in RGAGX"
  Assets:US:Vanguard:RGAGX                          6.110 RGAGX {58.92 USD, 2023-01-23}
  Assets:US:Vanguard:Cash                         -360.00 USD

2023-02-03 * "Employer match for contribution"
  Assets:US:Vanguard:Cash                          600.00 USD
  Income:US:Hooli:Match401k                       -600.00 USD

2023-02-06 * "Investing 40% of cash in VBMPX"
  Assets:US:Vanguard:VBMPX                          8.059 VBMPX {59.56 USD, 2023-02-06}
  Assets:US:Vanguard:Cash                         -479.99 USD

2023-02-06 * "Investing 60% of cash in RGAGX"
  Assets:US:Vanguard:RGAGX                         12.325 RGAGX {58.42 USD, 2023-02-06}
  Assets:US:Vanguard:Cash                         -720.03 USD

2023-02-06 * "Investing 40% of cash in VBMPX"
  Assets:US:Vanguard:VBMPX                          4.029 VBMPX {59.56 USD, 2023-02-06}
  Assets:US:Vanguard:Cash                         -239.97 USD

2023-02-06 * "Investing 60% of cash in RGAGX"
  Assets:US:Vanguard:RGAGX                          6.162 RGAGX {58.42 USD, 2023-02-06}
  Assets:US:Vanguard:Cash                         -359.98 USD



* Sources of Income

2021-01-01 open Income:US:Hooli:Salary                      USD
2021-01-01 open Income:US:Hooli:GroupTermLife               USD
2021-01-01 open Income:US:Hooli:Vacation                    VACHR
2021-01-01 open Assets:US:Hooli:Vacation                    VACHR
2021-01-01 open Expenses:Vacation                               VACHR
2021-01-01 open Expenses:Health:Life:GroupTermLife
2021-01-01 open Expenses:Health:Medical:Insurance
2021-01-01 open Expenses:Health:Dental:Insurance
2021-01-01 open Expenses:Health:Vision:Insurance

2021-01-01 event "employer" "Hooli, 1 Carloston Rd, Mountain Beer, CA"

2021-01-07 * "Hooli" "Payroll"
  Assets:US:BofA:Checking                         1350.60 USD
  Assets:US:Vanguard:Cash                         1200.00 USD
  Income:US:Hooli:Salary                         -4615.38 USD
  Income:US:Hooli:GroupTermLife                    -24.32 USD
  Expenses:Health:Life:GroupTermLife                24.32 USD
  Expenses:Health:Dental:Insurance                   2.90 USD
  Expenses:Health:Medical:Insurance                 27.38 USD
  Expenses:Health:Vision:Insurance                  42.30 USD
  Expenses:Taxes:Y2021:US:Medicare                 106.62 USD
  Expenses:Taxes:Y2021:US:Federal                 1062.92 USD
  Expenses:Taxes:Y2021:US:State                    365.08 USD
  Expenses:Taxes:Y2021:US:CityNYC                  174.92 USD
  Expenses:Taxes:Y2021:US:SDI                        1.12 USD
  Expenses:Taxes:Y2021:US:SocSec                   281.54 USD
  Assets:US:Federal:PreTax401k                   -1200.00 IRAUSD
  Expenses:Taxes:Y2021:US:Federal:PreTax401k      1200.00 IRAUSD
  Assets:US:Hooli:Vacation                              5 VACHR
  Income:US:Hooli:Vacation                             -5 VACHR

2021-01-21 * "Hooli" "Payroll"
  Assets:US:BofA:Checking                         1350.60 USD
  Assets:US:Vanguard:Cash                         1200.00 USD
  Income:US:Hooli:Salary                         -4615.38 USD
  Income:US:Hooli:GroupTermLife                    -24.32 USD
  Expenses:Health:Life:GroupTermLife                24.32 USD
  Expenses:Health:Dental:Insurance                   2.90 USD
  Expenses:Health:Medical:Insurance                 27.38 USD
  Expenses:Health:Vision:Insurance                  42.30 USD
  Expenses:Taxes:Y2021:US:Medicare                 106.62 USD
  Expenses:Taxes:Y2021:US:Federal                 1062.92 USD
  Expenses:Taxes:Y2021:US:State                    365.08 USD
  Expenses:Taxes:Y2021:US:CityNYC                  174.92 USD
  Expenses:Taxes:Y2021:US:SDI                        1.12 USD
  Expenses:Taxes:Y2021:US:SocSec                   281.54 USD
  Assets:US:Federal:PreTax401k                   -1200.00 IRAUSD
  Expenses:Taxes:Y2021:US:Federal:PreTax401k      1200.00 IRAUSD
  Assets:US:Hooli:Vacation                              5 VACHR
  Income:US:Hooli:Vacation                             -5 VACHR

2021-02-04 * "Hooli" "Payroll"
  Assets:US:BofA:Checking                         1350.60 USD
  Assets:US:Vanguard:Cash                         1200.00 USD
  Income:US:Hooli:Salary                         -4615.38 USD
  Income:US:Hooli:GroupTermLife                    -24.32 USD
  Expenses:Health:Life:GroupTermLife                24.32 USD
  Expenses:Health:Dental:Insurance                   2.90 USD
  Expenses:Health:Medical:Insurance                 27.38 USD
  Expenses:Health:Vision:Insurance                  42.30 USD
  Expenses:Taxes:Y2021:US:Medicare                 106.62 USD
  Expenses:Taxes:Y2021:US:Federal                 1062.92 USD
  Expenses:Taxes:Y2021:US:State                    365.08 USD
  Expenses:Taxes:Y2021:US:CityNYC                  174.92 USD
  Expenses:Taxes:Y2021:US:SDI                        1.12 USD
  Expenses:Taxes:Y2021:US:SocSec                   281.54 USD
  Assets:US:Federal:PreTax401k                   -1200.00 IRAUSD
  Expenses:Taxes:Y2021:US:Federal:PreTax401k      1200.00 IRAUSD
  Assets:US:Hooli:Vacation                              5 VACHR
  Income:US:Hooli:Vacation                             -5 VACHR

2021-02-18 * "Hooli" "Payroll"
  Assets:US:BofA:Checking                         1350.60 USD
  Assets:US:Vanguard:Cash                         1200.00 USD
  Income:US:Hooli:Salary                         -4615.38 USD
  Income:US:Hooli:GroupTermLife                    -24.32 USD
  Expenses:Health:Life:GroupTermLife                24.32 USD
  Expenses:Health:Dental:Insurance                   2.90 USD
  Expenses:Health:Medical:Insurance                 27.38 USD
  Expenses:Health:Vision:Insurance                  42.30 USD
  Expenses:Taxes:Y2021:US:Medicare                 106.62 USD
  Expenses:Taxes:Y2021:US:Federal                 1062.92 USD
  Expenses:Taxes:Y2021:US:State                    365.08 USD
  Expenses:Taxes:Y2021:US:CityNYC                  174.92 USD
  Expenses:Taxes:Y2021:US:SDI                        1.12 USD
  Expenses:Taxes:Y2021:US:SocSec                   281.54 USD
  Assets:US:Federal:PreTax401k                   -1200.00 IRAUSD
  Expenses:Taxes:Y2021:US:Federal:PreTax401k      1200.00 IRAUSD
  Assets:US:Hooli:Vacation                              5 VACHR
  Income:US:Hooli:Vacation                             -5 VACHR

2021-03-04 * "Hooli" "Payroll"
  Assets:US:BofA:Checking                         1350.60 USD
  Assets:US:Vanguard:Cash                         1200.00 USD
  Income:US:Hooli:Salary                         -4615.38 USD
  Income:US:Hooli:GroupTermLife                    -24.32 USD
  Expenses:Health:Life:GroupTermLife                24.32 USD
  Expenses:Health:Dental:Insurance                   2.90 USD
  Expenses:Health:Medical:Insurance                 27.38 USD
  Expenses:Health:Vision:Insurance                  42.30 USD
  Expenses:Taxes:Y2021:US:Medicare                 106.62 USD
  Expenses:Taxes:Y2021:US:Federal                 1062.92 USD
  Expenses:Taxes:Y2021:US:State                    365.08 USD
  Expenses:Taxes:Y2021:US:CityNYC                  174.92 USD
  Expenses:Taxes:Y2021:US:SDI                        1.12 USD
  Expenses:Taxes:Y2021:US:SocSec                   281.54 USD
  Assets:US:Federal:PreTax401k                   -1200.00 IRAUSD
  Expenses:Taxes:Y2021:US:Federal:PreTax401k      1200.00 IRAUSD
  Assets:US:Hooli:Vacation                              5 VACHR
  Income:US:Hooli:Vacation                             -5 VACHR

2021-03-18 * "Hooli" "Payroll"
  Assets:US:BofA:Checking                         1350.60 USD
  Assets:US:Vanguard:Cash                         1200.00 USD
  Income:US:Hooli:Salary                         -4615.38 USD
  Income:US:Hooli:GroupTermLife                    -24.32 USD
  Expenses:Health:Life:GroupTermLife                24.32 USD
  Expenses:Health:Dental:Insurance                   2.90 USD
  Expenses:Health:Medical:Insurance                 27.38 USD
  Expenses:Health:Vision:Insurance                  42.30 USD
  Expenses:Taxes:Y2021:US:Medicare                 106.62 USD
  Expenses:Taxes:Y2021:US:Federal                 1062.92 USD
  Expenses:Taxes:Y2021:US:State                    365.08 USD
  Expenses:Taxes:Y2021:US:CityNYC                  174.92 USD
  Expenses:Taxes:Y2021:US:SDI                        1.12 USD
  Expenses:Taxes:Y2021:US:SocSec                   281.54 USD
  Assets:US:Federal:PreTax401k                   -1200.00 IRAUSD
  Expenses:Taxes:Y2021:US:Federal:PreTax401k      1200.00 IRAUSD
  Assets:US:Hooli:Vacation                              5 VACHR
  Income:US:Hooli:Vacation                             -5 VACHR

2021-04-01 * "Hooli" "Payroll"
  Assets:US:BofA:Checking                         1350.60 USD
  Assets:US:Vanguard:Cash                         1200.00 USD
  Income:US:Hooli:Salary                         -4615.38 USD
  Income:US:Hooli:GroupTermLife                    -24.32 USD
  Expenses:Health:Life:GroupTermLife                24.32 USD
  Expenses:Health:Dental:Insurance                   2.90 USD
  Expenses:Health:Medical:Insurance                 27.38 USD
  Expenses:Health:Vision:Insurance                  42.30 USD
  Expenses:Taxes:Y2021:US:Medicare                 106.62 USD
  Expenses:Taxes:Y2021:US:Federal                 1062.92 USD
  Expenses:Taxes:Y2021:US:State                    365.08 USD
  Expenses:Taxes:Y2021:US:CityNYC                  174.92 USD
  Expenses:Taxes:Y2021:US:SDI                        1.12 USD
  Expenses:Taxes:Y2021:US:SocSec                   281.54 USD
  Assets:US:Federal:PreTax401k                   -1200.00 IRAUSD
  Expenses:Taxes:Y2021:US:Federal:PreTax401k      1200.00 IRAUSD
  Assets:US:Hooli:Vacation                              5 VACHR
  Income:US:Hooli:Vacation                             -5 VACHR

2021-04-15 * "Hooli" "Payroll"
  Assets:US:BofA:Checking                         1350.60 USD
  Assets:US:Vanguard:Cash                         1200.00 USD
  Income:US:Hooli:Salary                         -4615.38 USD
  Income:US:Hooli:GroupTermLife                    -24.32 USD
  Expenses:Health:Life:GroupTermLife                24.32 USD
  Expenses:Health:Dental:Insurance                   2.90 USD
  Expenses:Health:Medical:Insurance                 27.38 USD
  Expenses:Health:Vision:Insurance                  42.30 USD
  Expenses:Taxes:Y2021:US:Medicare                 106.62 USD
  Expenses:Taxes:Y2021:US:Federal                 1062.92 USD
  Expenses:Taxes:Y2021:US:State                    365.08 USD
  Expenses:Taxes:Y2021:US:CityNYC                  174.92 USD
  Expenses:Taxes:Y2021:US:SDI                        1.12 USD
  Expenses:Taxes:Y2021:US:SocSec                   281.54 USD
  Assets:US:Federal:PreTax401k                   -1200.00 IRAUSD
  Expenses:Taxes:Y2021:US:Federal:PreTax401k      1200.00 IRAUSD
  Assets:US:Hooli:Vacation                              5 VACHR
  Income:US:Hooli:Vacation                             -5 VACHR

2021-04-29 * "Hooli" "Payroll"
  Assets:US:BofA:Checking                         1350.60 USD
  Assets:US:Vanguard:Cash                         1200.00 USD
  Income:US:Hooli:Salary                         -4615.38 USD
  Income:US:Hooli:GroupTermLife                    -24.32 USD
  Expenses:Health:Life:GroupTermLife                24.32 USD
  Expenses:Health:Dental:Insurance                   2.90 USD
  Expenses:Health:Medical:Insurance                 27.38 USD
  Expenses:Health:Vision:Insurance                  42.30 USD
  Expenses:Taxes:Y2021:US:Medicare                 106.62 USD
  Expenses:Taxes:Y2021:US:Federal                 1062.92 USD
  Expenses:Taxes:Y2021:US:State                    365.08 USD
  Expenses:Taxes:Y2021:US:CityNYC                  174.92 USD
  Expenses:Taxes:Y2021:US:SDI                        1.12 USD
  Expenses:Taxes:Y2021:US:SocSec                   281.54 USD
  Assets:US:Federal:PreTax401k                   -1200.00 IRAUSD
  Expenses:Taxes:Y2021:US:Federal:PreTax401k      1200.00 IRAUSD
  Assets:US:Hooli:Vacation                              5 VACHR
  Income:US:Hooli:Vacation                             -5 VACHR

2021-05-13 * "Hooli" "Payroll"
  Assets:US:BofA:Checking                         1350.60 USD
  Assets:US:Vanguard:Cash                         1200.00 USD
  Income:US:Hooli:Salary                         -4615.38 USD
  Income:US:Hooli:GroupTermLife                    -24.32 USD
  Expenses:Health:Life:GroupTermLife                24.32 USD
  Expenses:Health:Dental:Insurance                   2.90 USD
  Expenses:Health:Medical:Insurance                 27.38 USD
  Expenses:Health:Vision:Insurance                  42.30 USD
  Expenses:Taxes:Y2021:US:Medicare                 106.62 USD
  Expenses:Taxes:Y2021:US:Federal                 1062.92 USD
  Expenses:Taxes:Y2021:US:State                    365.08 USD
  Expenses:Taxes:Y2021:US:CityNYC                  174.92 USD
  Expenses:Taxes:Y2021:US:SDI                        1.12 USD
  Expenses:Taxes:Y2021:US:SocSec                   281.54 USD
  Assets:US:Federal:PreTax401k                   -1200.00 IRAUSD
  Expenses:Taxes:Y2021:US:Federal:PreTax401k      1200.00 IRAUSD
  Assets:US:Hooli:Vacation                              5 VACHR
  Income:US:Hooli:Vacation                             -5 VACHR

2021-05-27 * "Hooli" "Payroll"
  Assets:US:BofA:Checking                         1350.60 USD
  Assets:US:Vanguard:Cash                         1200.00 USD
  Income:US:Hooli:Salary                         -4615.38 USD
  Income:US:Hooli:GroupTermLife                    -24.32 USD
  Expenses:Health:Life:GroupTermLife                24.32 USD
  Expenses:Health:Dental:Insurance                   2.90 USD
  Expenses:Health:Medical:Insurance                 27.38 USD
  Expenses:Health:Vision:Insurance                  42.30 USD
  Expenses:Taxes:Y2021:US:Medicare                 106.62 USD
  Expenses:Taxes:Y2021:US:Federal                 1062.92 USD
  Expenses:Taxes:Y2021:US:State                    365.08 USD
  Expenses:Taxes:Y2021:US:CityNYC                  174.92 USD
  Expenses:Taxes:Y2021:US:SDI                        1.12 USD
  Expenses:Taxes:Y2021:US:SocSec                   281.54 USD
  Assets:US:Federal:PreTax401k                   -1200.00 IRAUSD
  Expenses:Taxes:Y2021:US:Federal:PreTax401k      1200.00 IRAUSD
  Assets:US:Hooli:Vacation                              5 VACHR
  Income:US:Hooli:Vacation                             -5 VACHR

2021-06-10 * "Hooli" "Payroll"
  Assets:US:BofA:Checking                         1350.60 USD
  Assets:US:Vanguard:Cash                         1200.00 USD
  Income:US:Hooli:Salary                         -4615.38 USD
  Income:US:Hooli:GroupTermLife                    -24.32 USD
  Expenses:Health:Life:GroupTermLife                24.32 USD
  Expenses:Health:Dental:Insurance                   2.90 USD
  Expenses:Health:Medical:Insurance                 27.38 USD
  Expenses:Health:Vision:Insurance                  42.30 USD
  Expenses:Taxes:Y2021:US:Medicare                 106.62 USD
  Expenses:Taxes:Y2021:US:Federal                 1062.92 USD
  Expenses:Taxes:Y2021:US:State                    365.08 USD
  Expenses:Taxes:Y2021:US:CityNYC                  174.92 USD
  Expenses:Taxes:Y2021:US:SDI                        1.12 USD
  Expenses:Taxes:Y2021:US:SocSec                   281.54 USD
  Assets:US:Federal:PreTax401k                   -1200.00 IRAUSD
  Expenses:Taxes:Y2021:US:Federal:PreTax401k      1200.00 IRAUSD
  Assets:US:Hooli:Vacation                              5 VACHR
  Income:US:Hooli:Vacation                             -5 VACHR

2021-06-24 * "Hooli" "Payroll"
  Assets:US:BofA:Checking                         1350.60 USD
  Assets:US:Vanguard:Cash                         1200.00 USD
  Income:US:Hooli:Salary                         -4615.38 USD
  Income:US:Hooli:GroupTermLife                    -24.32 USD
  Expenses:Health:Life:GroupTermLife                24.32 USD
  Expenses:Health:Dental:Insurance                   2.90 USD
  Expenses:Health:Medical:Insurance                 27.38 USD
  Expenses:Health:Vision:Insurance                  42.30 USD
  Expenses:Taxes:Y2021:US:Medicare                 106.62 USD
  Expenses:Taxes:Y2021:US:Federal                 1062.92 USD
  Expenses:Taxes:Y2021:US:State                    365.08 USD
  Expenses:Taxes:Y2021:US:CityNYC                  174.92 USD
  Expenses:Taxes:Y2021:US:SDI                        1.12 USD
  Expenses:Taxes:Y2021:US:SocSec                   281.54 USD
  Assets:US:Federal:PreTax401k                   -1200.00 IRAUSD
  Expenses:Taxes:Y2021:US:Federal:PreTax401k      1200.00 IRAUSD
  Assets:US:Hooli:Vacation                              5 VACHR
  Income:US:Hooli:Vacation                             -5 VACHR

2021-07-08 * "Hooli" "Payroll"
  Assets:US:BofA:Checking                         1350.60 USD
  Assets:US:Vanguard:Cash                         1200.00 USD
  Income:US:Hooli:Salary                         -4615.38 USD
  Income:US:Hooli:GroupTermLife                    -24.32 USD
  Expenses:Health:Life:GroupTermLife                24.32 USD
  Expenses:Health:Dental:Insurance                   2.90 USD
  Expenses:Health:Medical:Insurance                 27.38 USD
  Expenses:Health:Vision:Insurance                  42.30 USD
  Expenses:Taxes:Y2021:US:Medicare                 106.62 USD
  Expenses:Taxes:Y2021:US:Federal                 1062.92 USD
  Expenses:Taxes:Y2021:US:State                    365.08 USD
  Expenses:Taxes:Y2021:US:CityNYC                  174.92 USD
  Expenses:Taxes:Y2021:US:SDI                        1.12 USD
  Expenses:Taxes:Y2021:US:SocSec                   281.54 USD
  Assets:US:Federal:PreTax401k                   -1200.00 IRAUSD
  Expenses:Taxes:Y2021:US:Federal:PreTax401k      1200.00 IRAUSD
  Assets:US:Hooli:Vacation                              5 VACHR
  Income:US:Hooli:Vacation                             -5 VACHR

2021-07-22 * "Hooli" "Payroll"
  Assets:US:BofA:Checking                         1350.60 USD
  Assets:US:Vanguard:Cash                         1200.00 USD
  Income:US:Hooli:Salary                         -4615.38 USD
  Income:US:Hooli:GroupTermLife                    -24.32 USD
  Expenses:Health:Life:GroupTermLife                24.32 USD
  Expenses:Health:Dental:Insurance                   2.90 USD
  Expenses:Health:Medical:Insurance                 27.38 USD
  Expenses:Health:Vision:Insurance                  42.30 USD
  Expenses:Taxes:Y2021:US:Medicare                 106.62 USD
  Expenses:Taxes:Y2021:US:Federal                 1062.92 USD
  Expenses:Taxes:Y2021:US:State                    365.08 USD
  Expenses:Taxes:Y2021:US:CityNYC                  174.92 USD
  Expenses:Taxes:Y2021:US:SDI                        1.12 USD
  Expenses:Taxes:Y2021:US:SocSec                   281.54 USD
  Assets:US:Federal:PreTax401k                   -1200.00 IRAUSD
  Expenses:Taxes:Y2021:US:Federal:PreTax401k      1200.00 IRAUSD
  Assets:US:Hooli:Vacation                              5 VACHR
  Income:US:Hooli:Vacation                             -5 VACHR

2021-08-05 * "Hooli" "Payroll"
  Assets:US:BofA:Checking                         2050.60 USD
  Assets:US:Vanguard:Cash                          500.00 USD
  Income:US:Hooli:Salary                         -4615.38 USD
  Income:US:Hooli:GroupTermLife                    -24.32 USD
  Expenses:Health:Life:GroupTermLife                24.32 USD
  Expenses:Health:Dental:Insurance                   2.90 USD
  Expenses:Health:Medical:Insurance                 27.38 USD
  Expenses:Health:Vision:Insurance                  42.30 USD
  Expenses:Taxes:Y2021:US:Medicare                 106.62 USD
  Expenses:Taxes:Y2021:US:Federal                 1062.92 USD
  Expenses:Taxes:Y2021:US:State                    365.08 USD
  Expenses:Taxes:Y2021:US:CityNYC                  174.92 USD
  Expenses:Taxes:Y2021:US:SDI                        1.12 USD
  Expenses:Taxes:Y2021:US:SocSec                   281.54 USD
  Assets:US:Federal:PreTax401k                    -500.00 IRAUSD
  Expenses:Taxes:Y2021:US:Federal:PreTax401k       500.00 IRAUSD
  Assets:US:Hooli:Vacation                              5 VACHR
  Income:US:Hooli:Vacation                             -5 VACHR

2021-08-19 * "Hooli" "Payroll"
  Assets:US:BofA:Checking                         2550.60 USD
  Income:US:Hooli:Salary                         -4615.38 USD
  Income:US:Hooli:GroupTermLife                    -24.32 USD
  Expenses:Health:Life:GroupTermLife                24.32 USD
  Expenses:Health:Dental:Insurance                   2.90 USD
  Expenses:Health:Medical:Insurance                 27.38 USD
  Expenses:Health:Vision:Insurance                  42.30 USD
  Expenses:Taxes:Y2021:US:Medicare                 106.62 USD
  Expenses:Taxes:Y2021:US:Federal                 1062.92 USD
  Expenses:Taxes:Y2021:US:State                    365.08 USD
  Expenses:Taxes:Y2021:US:CityNYC                  174.92 USD
  Expenses:Taxes:Y2021:US:SDI                        1.12 USD
  Expenses:Taxes:Y2021:US:SocSec                   281.54 USD
  Assets:US:Federal:PreTax401k                       0.00 IRAUSD
  Assets:US:Hooli:Vacation                              5 VACHR
  Income:US:Hooli:Vacation                             -5 VACHR

2021-09-02 * "Hooli" "Payroll"
  Assets:US:BofA:Checking                         2550.60 USD
  Income:US:Hooli:Salary                         -4615.38 USD
  Income:US:Hooli:GroupTermLife                    -24.32 USD
  Expenses:Health:Life:GroupTermLife                24.32 USD
  Expenses:Health:Dental:Insurance                   2.90 USD
  Expenses:Health:Medical:Insurance                 27.38 USD
  Expenses:Health:Vision:Insurance                  42.30 USD
  Expenses:Taxes:Y2021:US:Medicare                 106.62 USD
  Expenses:Taxes:Y2021:US:Federal                 1062.92 USD
  Expenses:Taxes:Y2021:US:State                    365.08 USD
  Expenses:Taxes:Y2021:US:CityNYC                  174.92 USD
  Expenses:Taxes:Y2021:US:SDI                        1.12 USD
  Expenses:Taxes:Y2021:US:SocSec                   281.54 USD
  Assets:US:Federal:PreTax401k                       0.00 IRAUSD
  Assets:US:Hooli:Vacation                              5 VACHR
  Income:US:Hooli:Vacation                             -5 VACHR

2021-09-16 * "Hooli" "Payroll"
  Assets:US:BofA:Checking                         2550.60 USD
  Income:US:Hooli:Salary                         -4615.38 USD
  Income:US:Hooli:GroupTermLife                    -24.32 USD
  Expenses:Health:Life:GroupTermLife                24.32 USD
  Expenses:Health:Dental:Insurance                   2.90 USD
  Expenses:Health:Medical:Insurance                 27.38 USD
  Expenses:Health:Vision:Insurance                  42.30 USD
  Expenses:Taxes:Y2021:US:Medicare                 106.62 USD
  Expenses:Taxes:Y2021:US:Federal                 1062.92 USD
  Expenses:Taxes:Y2021:US:State                    365.08 USD
  Expenses:Taxes:Y2021:US:CityNYC                  174.92 USD
  Expenses:Taxes:Y2021:US:SDI                        1.12 USD
  Expenses:Taxes:Y2021:US:SocSec                   281.54 USD
  Assets:US:Federal:PreTax401k                       0.00 IRAUSD
  Assets:US:Hooli:Vacation                              5 VACHR
  Income:US:Hooli:Vacation                             -5 VACHR

2021-09-30 * "Hooli" "Payroll"
  Assets:US:BofA:Checking                         2550.60 USD
  Income:US:Hooli:Salary                         -4615.38 USD
  Income:US:Hooli:GroupTermLife                    -24.32 USD
  Expenses:Health:Life:GroupTermLife                24.32 USD
  Expenses:Health:Dental:Insurance                   2.90 USD
  Expenses:Health:Medical:Insurance                 27.38 USD
  Expenses:Health:Vision:Insurance                  42.30 USD
  Expenses:Taxes:Y2021:US:Medicare                 106.62 USD
  Expenses:Taxes:Y2021:US:Federal                 1062.92 USD
  Expenses:Taxes:Y2021:US:State                    365.08 USD
  Expenses:Taxes:Y2021:US:CityNYC                  174.92 USD
  Expenses:Taxes:Y2021:US:SDI                        1.12 USD
  Expenses:Taxes:Y2021:US:SocSec                   281.54 USD
  Assets:US:Federal:PreTax401k                       0.00 IRAUSD
  Assets:US:Hooli:Vacation                              5 VACHR
  Income:US:Hooli:Vacation                             -5 VACHR

2021-10-14 * "Hooli" "Payroll"
  Assets:US:BofA:Checking                         2550.60 USD
  Income:US:Hooli:Salary                         -4615.38 USD
  Income:US:Hooli:GroupTermLife                    -24.32 USD
  Expenses:Health:Life:GroupTermLife                24.32 USD
  Expenses:Health:Dental:Insurance                   2.90 USD
  Expenses:Health:Medical:Insurance                 27.38 USD
  Expenses:Health:Vision:Insurance                  42.30 USD
  Expenses:Taxes:Y2021:US:Medicare                 106.62 USD
  Expenses:Taxes:Y2021:US:Federal                 1062.92 USD
  Expenses:Taxes:Y2021:US:State                    365.08 USD
  Expenses:Taxes:Y2021:US:CityNYC                  174.92 USD
  Expenses:Taxes:Y2021:US:SDI                        1.12 USD
  Expenses:Taxes:Y2021:US:SocSec                   281.54 USD
  Assets:US:Federal:PreTax401k                       0.00 IRAUSD
  Assets:US:Hooli:Vacation                              5 VACHR
  Income:US:Hooli:Vacation                             -5 VACHR

2021-10-28 * "Hooli" "Payroll"
  Assets:US:BofA:Checking                         2550.60 USD
  Income:US:Hooli:Salary                         -4615.38 USD
  Income:US:Hooli:GroupTermLife                    -24.32 USD
  Expenses:Health:Life:GroupTermLife                24.32 USD
  Expenses:Health:Dental:Insurance                   2.90 USD
  Expenses:Health:Medical:Insurance                 27.38 USD
  Expenses:Health:Vision:Insurance                  42.30 USD
  Expenses:Taxes:Y2021:US:Medicare                 106.62 USD
  Expenses:Taxes:Y2021:US:Federal                 1062.92 USD
  Expenses:Taxes:Y2021:US:State                    365.08 USD
  Expenses:Taxes:Y2021:US:CityNYC                  174.92 USD
  Expenses:Taxes:Y2021:US:SDI                        1.12 USD
  Expenses:Taxes:Y2021:US:SocSec                   281.54 USD
  Assets:US:Federal:PreTax401k                       0.00 IRAUSD
  Assets:US:Hooli:Vacation                              5 VACHR
  Income:US:Hooli:Vacation                             -5 VACHR

2021-11-11 * "Hooli" "Payroll"
  Assets:US:BofA:Checking                         2550.60 USD
  Income:US:Hooli:Salary                         -4615.38 USD
  Income:US:Hooli:GroupTermLife                    -24.32 USD
  Expenses:Health:Life:GroupTermLife                24.32 USD
  Expenses:Health:Dental:Insurance                   2.90 USD
  Expenses:Health:Medical:Insurance                 27.38 USD
  Expenses:Health:Vision:Insurance                  42.30 USD
  Expenses:Taxes:Y2021:US:Medicare                 106.62 USD
  Expenses:Taxes:Y2021:US:Federal                 1062.92 USD
  Expenses:Taxes:Y2021:US:State                    365.08 USD
  Expenses:Taxes:Y2021:US:CityNYC                  174.92 USD
  Expenses:Taxes:Y2021:US:SDI                        1.12 USD
  Expenses:Taxes:Y2021:US:SocSec                   281.54 USD
  Assets:US:Federal:PreTax401k                       0.00 IRAUSD
  Assets:US:Hooli:Vacation                              5 VACHR
  Income:US:Hooli:Vacation                             -5 VACHR

2021-11-25 * "Hooli" "Payroll"
  Assets:US:BofA:Checking                         2550.60 USD
  Income:US:Hooli:Salary                         -4615.38 USD
  Income:US:Hooli:GroupTermLife                    -24.32 USD
  Expenses:Health:Life:GroupTermLife                24.32 USD
  Expenses:Health:Dental:Insurance                   2.90 USD
  Expenses:Health:Medical:Insurance                 27.38 USD
  Expenses:Health:Vision:Insurance                  42.30 USD
  Expenses:Taxes:Y2021:US:Medicare                 106.62 USD
  Expenses:Taxes:Y2021:US:Federal                 1062.92 USD
  Expenses:Taxes:Y2021:US:State                    365.08 USD
  Expenses:Taxes:Y2021:US:CityNYC                  174.92 USD
  Expenses:Taxes:Y2021:US:SDI                        1.12 USD
  Expenses:Taxes:Y2021:US:SocSec                   281.54 USD
  Assets:US:Federal:PreTax401k                       0.00 IRAUSD
  Assets:US:Hooli:Vacation                              5 VACHR
  Income:US:Hooli:Vacation                             -5 VACHR

2021-12-09 * "Hooli" "Payroll"
  Assets:US:BofA:Checking                         2589.06 USD
  Income:US:Hooli:Salary                         -4615.38 USD
  Income:US:Hooli:GroupTermLife                    -24.32 USD
  Expenses:Health:Life:GroupTermLife                24.32 USD
  Expenses:Health:Dental:Insurance                   2.90 USD
  Expenses:Health:Medical:Insurance                 27.38 USD
  Expenses:Health:Vision:Insurance                  42.30 USD
  Expenses:Taxes:Y2021:US:Medicare                 106.62 USD
  Expenses:Taxes:Y2021:US:Federal                 1062.92 USD
  Expenses:Taxes:Y2021:US:State                    365.08 USD
  Expenses:Taxes:Y2021:US:CityNYC                  174.92 USD
  Expenses:Taxes:Y2021:US:SDI                        1.12 USD
  Expenses:Taxes:Y2021:US:SocSec                   243.08 USD
  Assets:US:Federal:PreTax401k                       0.00 IRAUSD
  Assets:US:Hooli:Vacation                              5 VACHR
  Income:US:Hooli:Vacation                             -5 VACHR

2021-12-23 * "Hooli" "Payroll"
  Assets:US:BofA:Checking                         2832.14 USD
  Income:US:Hooli:Salary                         -4615.38 USD
  Income:US:Hooli:GroupTermLife                    -24.32 USD
  Expenses:Health:Life:GroupTermLife                24.32 USD
  Expenses:Health:Dental:Insurance                   2.90 USD
  Expenses:Health:Medical:Insurance                 27.38 USD
  Expenses:Health:Vision:Insurance                  42.30 USD
  Expenses:Taxes:Y2021:US:Medicare                 106.62 USD
  Expenses:Taxes:Y2021:US:Federal                 1062.92 USD
  Expenses:Taxes:Y2021:US:State                    365.08 USD
  Expenses:Taxes:Y2021:US:CityNYC                  174.92 USD
  Expenses:Taxes:Y2021:US:SDI                        1.12 USD
  Expenses:Taxes:Y2021:US:SocSec                     0.00 USD
  Assets:US:Federal:PreTax401k                       0.00 IRAUSD
  Assets:US:Hooli:Vacation                              5 VACHR
  Income:US:Hooli:Vacation                             -5 VACHR

2022-01-06 * "Hooli" "Payroll"
  Assets:US:BofA:Checking                         1350.60 USD
  Assets:US:Vanguard:Cash                         1200.00 USD
  Income:US:Hooli:Salary                         -4615.38 USD
  Income:US:Hooli:GroupTermLife                    -24.32 USD
  Expenses:Health:Life:GroupTermLife                24.32 USD
  Expenses:Health:Dental:Insurance                   2.90 USD
  Expenses:Health:Medical:Insurance                 27.38 USD
  Expenses:Health:Vision:Insurance                  42.30 USD
  Expenses:Taxes:Y2022:US:Medicare                 106.62 USD
  Expenses:Taxes:Y2022:US:Federal                 1062.92 USD
  Expenses:Taxes:Y2022:US:State                    365.08 USD
  Expenses:Taxes:Y2022:US:CityNYC                  174.92 USD
  Expenses:Taxes:Y2022:US:SDI                        1.12 USD
  Expenses:Taxes:Y2022:US:SocSec                   281.54 USD
  Assets:US:Federal:PreTax401k                   -1200.00 IRAUSD
  Expenses:Taxes:Y2022:US:Federal:PreTax401k      1200.00 IRAUSD
  Assets:US:Hooli:Vacation                              5 VACHR
  Income:US:Hooli:Vacation                             -5 VACHR

2022-01-20 * "Hooli" "Payroll"
  Assets:US:BofA:Checking                         1350.60 USD
  Assets:US:Vanguard:Cash                         1200.00 USD
  Income:US:Hooli:Salary                         -4615.38 USD
  Income:US:Hooli:GroupTermLife                    -24.32 USD
  Expenses:Health:Life:GroupTermLife                24.32 USD
  Expenses:Health:Dental:Insurance                   2.90 USD
  Expenses:Health:Medical:Insurance                 27.38 USD
  Expenses:Health:Vision:Insurance                  42.30 USD
  Expenses:Taxes:Y2022:US:Medicare                 106.62 USD
  Expenses:Taxes:Y2022:US:Federal                 1062.92 USD
  Expenses:Taxes:Y2022:US:State                    365.08 USD
  Expenses:Taxes:Y2022:US:CityNYC                  174.92 USD
  Expenses:Taxes:Y2022:US:SDI                        1.12 USD
  Expenses:Taxes:Y2022:US:SocSec                   281.54 USD
  Assets:US:Federal:PreTax401k                   -1200.00 IRAUSD
  Expenses:Taxes:Y2022:US:Federal:PreTax401k      1200.00 IRAUSD
  Assets:US:Hooli:Vacation                              5 VACHR
  Income:US:Hooli:Vacation                             -5 VACHR

2022-02-03 * "Hooli" "Payroll"
  Assets:US:BofA:Checking                         1350.60 USD
  Assets:US:Vanguard:Cash                         1200.00 USD
  Income:US:Hooli:Salary                         -4615.38 USD
  Income:US:Hooli:GroupTermLife                    -24.32 USD
  Expenses:Health:Life:GroupTermLife                24.32 USD
  Expenses:Health:Dental:Insurance                   2.90 USD
  Expenses:Health:Medical:Insurance                 27.38 USD
  Expenses:Health:Vision:Insurance                  42.30 USD
  Expenses:Taxes:Y2022:US:Medicare                 106.62 USD
  Expenses:Taxes:Y2022:US:Federal                 1062.92 USD
  Expenses:Taxes:Y2022:US:State                    365.08 USD
  Expenses:Taxes:Y2022:US:CityNYC                  174.92 USD
  Expenses:Taxes:Y2022:US:SDI                        1.12 USD
  Expenses:Taxes:Y2022:US:SocSec                   281.54 USD
  Assets:US:Federal:PreTax401k                   -1200.00 IRAUSD
  Expenses:Taxes:Y2022:US:Federal:PreTax401k      1200.00 IRAUSD
  Assets:US:Hooli:Vacation                              5 VACHR
  Income:US:Hooli:Vacation                             -5 VACHR

2022-02-17 * "Hooli" "Payroll"
  Assets:US:BofA:Checking                         1350.60 USD
  Assets:US:Vanguard:Cash                         1200.00 USD
  Income:US:Hooli:Salary                         -4615.38 USD
  Income:US:Hooli:GroupTermLife                    -24.32 USD
  Expenses:Health:Life:GroupTermLife                24.32 USD
  Expenses:Health:Dental:Insurance                   2.90 USD
  Expenses:Health:Medical:Insurance                 27.38 USD
  Expenses:Health:Vision:Insurance                  42.30 USD
  Expenses:Taxes:Y2022:US:Medicare                 106.62 USD
  Expenses:Taxes:Y2022:US:Federal                 1062.92 USD
  Expenses:Taxes:Y2022:US:State                    365.08 USD
  Expenses:Taxes:Y2022:US:CityNYC                  174.92 USD
  Expenses:Taxes:Y2022:US:SDI                        1.12 USD
  Expenses:Taxes:Y2022:US:SocSec                   281.54 USD
  Assets:US:Federal:PreTax401k                   -1200.00 IRAUSD
  Expenses:Taxes:Y2022:US:Federal:PreTax401k      1200.00 IRAUSD
  Assets:US:Hooli:Vacation                              5 VACHR
  Income:US:Hooli:Vacation                             -5 VACHR

2022-03-03 * "Hooli" "Payroll"
  Assets:US:BofA:Checking                         1350.60 USD
  Assets:US:Vanguard:Cash                         1200.00 USD
  Income:US:Hooli:Salary                         -4615.38 USD
  Income:US:Hooli:GroupTermLife                    -24.32 USD
  Expenses:Health:Life:GroupTermLife                24.32 USD
  Expenses:Health:Dental:Insurance                   2.90 USD
  Expenses:Health:Medical:Insurance                 27.38 USD
  Expenses:Health:Vision:Insurance                  42.30 USD
  Expenses:Taxes:Y2022:US:Medicare                 106.62 USD
  Expenses:Taxes:Y2022:US:Federal                 1062.92 USD
  Expenses:Taxes:Y2022:US:State                    365.08 USD
  Expenses:Taxes:Y2022:US:CityNYC                  174.92 USD
  Expenses:Taxes:Y2022:US:SDI                        1.12 USD
  Expenses:Taxes:Y2022:US:SocSec                   281.54 USD
  Assets:US:Federal:PreTax401k                   -1200.00 IRAUSD
  Expenses:Taxes:Y2022:US:Federal:PreTax401k      1200.00 IRAUSD
  Assets:US:Hooli:Vacation                              5 VACHR
  Income:US:Hooli:Vacation                             -5 VACHR

2022-03-17 * "Hooli" "Payroll"
  Assets:US:BofA:Checking                         1350.60 USD
  Assets:US:Vanguard:Cash                         1200.00 USD
  Income:US:Hooli:Salary                         -4615.38 USD
  Income:US:Hooli:GroupTermLife                    -24.32 USD
  Expenses:Health:Life:GroupTermLife                24.32 USD
  Expenses:Health:Dental:Insurance                   2.90 USD
  Expenses:Health:Medical:Insurance                 27.38 USD
  Expenses:Health:Vision:Insurance                  42.30 USD
  Expenses:Taxes:Y2022:US:Medicare                 106.62 USD
  Expenses:Taxes:Y2022:US:Federal                 1062.92 USD
  Expenses:Taxes:Y2022:US:State                    365.08 USD
  Expenses:Taxes:Y2022:US:CityNYC                  174.92 USD
  Expenses:Taxes:Y2022:US:SDI                        1.12 USD
  Expenses:Taxes:Y2022:US:SocSec                   281.54 USD
  Assets:US:Federal:PreTax401k                   -1200.00 IRAUSD
  Expenses:Taxes:Y2022:US:Federal:PreTax401k      1200.00 IRAUSD
  Assets:US:Hooli:Vacation                              5 VACHR
  Income:US:Hooli:Vacation                             -5 VACHR

2022-03-31 * "Hooli" "Payroll"
  Assets:US:BofA:Checking                         1350.60 USD
  Assets:US:Vanguard:Cash                         1200.00 USD
  Income:US:Hooli:Salary                         -4615.38 USD
  Income:US:Hooli:GroupTermLife                    -24.32 USD
  Expenses:Health:Life:GroupTermLife                24.32 USD
  Expenses:Health:Dental:Insurance                   2.90 USD
  Expenses:Health:Medical:Insurance                 27.38 USD
  Expenses:Health:Vision:Insurance                  42.30 USD
  Expenses:Taxes:Y2022:US:Medicare                 106.62 USD
  Expenses:Taxes:Y2022:US:Federal                 1062.92 USD
  Expenses:Taxes:Y2022:US:State                    365.08 USD
  Expenses:Taxes:Y2022:US:CityNYC                  174.92 USD
  Expenses:Taxes:Y2022:US:SDI                        1.12 USD
  Expenses:Taxes:Y2022:US:SocSec                   281.54 USD
  Assets:US:Federal:PreTax401k                   -1200.00 IRAUSD
  Expenses:Taxes:Y2022:US:Federal:PreTax401k      1200.00 IRAUSD
  Assets:US:Hooli:Vacation                              5 VACHR
  Income:US:Hooli:Vacation                             -5 VACHR

2022-04-14 * "Hooli" "Payroll"
  Assets:US:BofA:Checking                         1350.60 USD
  Assets:US:Vanguard:Cash                         1200.00 USD
  Income:US:Hooli:Salary                         -4615.38 USD
  Income:US:Hooli:GroupTermLife                    -24.32 USD
  Expenses:Health:Life:GroupTermLife                24.32 USD
  Expenses:Health:Dental:Insurance                   2.90 USD
  Expenses:Health:Medical:Insurance                 27.38 USD
  Expenses:Health:Vision:Insurance                  42.30 USD
  Expenses:Taxes:Y2022:US:Medicare                 106.62 USD
  Expenses:Taxes:Y2022:US:Federal                 1062.92 USD
  Expenses:Taxes:Y2022:US:State                    365.08 USD
  Expenses:Taxes:Y2022:US:CityNYC                  174.92 USD
  Expenses:Taxes:Y2022:US:SDI                        1.12 USD
  Expenses:Taxes:Y2022:US:SocSec                   281.54 USD
  Assets:US:Federal:PreTax401k                   -1200.00 IRAUSD
  Expenses:Taxes:Y2022:US:Federal:PreTax401k      1200.00 IRAUSD
  Assets:US:Hooli:Vacation                              5 VACHR
  Income:US:Hooli:Vacation                             -5 VACHR

2022-04-28 * "Hooli" "Payroll"
  Assets:US:BofA:Checking                         1350.60 USD
  Assets:US:Vanguard:Cash                         1200.00 USD
  Income:US:Hooli:Salary                         -4615.38 USD
  Income:US:Hooli:GroupTermLife                    -24.32 USD
  Expenses:Health:Life:GroupTermLife                24.32 USD
  Expenses:Health:Dental:Insurance                   2.90 USD
  Expenses:Health:Medical:Insurance                 27.38 USD
  Expenses:Health:Vision:Insurance                  42.30 USD
  Expenses:Taxes:Y2022:US:Medicare                 106.62 USD
  Expenses:Taxes:Y2022:US:Federal                 1062.92 USD
  Expenses:Taxes:Y2022:US:State                    365.08 USD
  Expenses:Taxes:Y2022:US:CityNYC                  174.92 USD
  Expenses:Taxes:Y2022:US:SDI                        1.12 USD
  Expenses:Taxes:Y2022:US:SocSec                   281.54 USD
  Assets:US:Federal:PreTax401k                   -1200.00 IRAUSD
  Expenses:Taxes:Y2022:US:Federal:PreTax401k      1200.00 IRAUSD
  Assets:US:Hooli:Vacation                              5 VACHR
  Income:US:Hooli:Vacation                             -5 VACHR

2022-05-12 * "Hooli" "Payroll"
  Assets:US:BofA:Checking                         1350.60 USD
  Assets:US:Vanguard:Cash                         1200.00 USD
  Income:US:Hooli:Salary                         -4615.38 USD
  Income:US:Hooli:GroupTermLife                    -24.32 USD
  Expenses:Health:Life:GroupTermLife                24.32 USD
  Expenses:Health:Dental:Insurance                   2.90 USD
  Expenses:Health:Medical:Insurance                 27.38 USD
  Expenses:Health:Vision:Insurance                  42.30 USD
  Expenses:Taxes:Y2022:US:Medicare                 106.62 USD
  Expenses:Taxes:Y2022:US:Federal                 1062.92 USD
  Expenses:Taxes:Y2022:US:State                    365.08 USD
  Expenses:Taxes:Y2022:US:CityNYC                  174.92 USD
  Expenses:Taxes:Y2022:US:SDI                        1.12 USD
  Expenses:Taxes:Y2022:US:SocSec                   281.54 USD
  Assets:US:Federal:PreTax401k                   -1200.00 IRAUSD
  Expenses:Taxes:Y2022:US:Federal:PreTax401k      1200.00 IRAUSD
  Assets:US:Hooli:Vacation                              5 VACHR
  Income:US:Hooli:Vacation                             -5 VACHR

2022-05-26 * "Hooli" "Payroll"
  Assets:US:BofA:Checking                         1350.60 USD
  Assets:US:Vanguard:Cash                         1200.00 USD
  Income:US:Hooli:Salary                         -4615.38 USD
  Income:US:Hooli:GroupTermLife                    -24.32 USD
  Expenses:Health:Life:GroupTermLife                24.32 USD
  Expenses:Health:Dental:Insurance                   2.90 USD
  Expenses:Health:Medical:Insurance                 27.38 USD
  Expenses:Health:Vision:Insurance                  42.30 USD
  Expenses:Taxes:Y2022:US:Medicare                 106.62 USD
  Expenses:Taxes:Y2022:US:Federal                 1062.92 USD
  Expenses:Taxes:Y2022:US:State                    365.08 USD
  Expenses:Taxes:Y2022:US:CityNYC                  174.92 USD
  Expenses:Taxes:Y2022:US:SDI                        1.12 USD
  Expenses:Taxes:Y2022:US:SocSec                   281.54 USD
  Assets:US:Federal:PreTax401k                   -1200.00 IRAUSD
  Expenses:Taxes:Y2022:US:Federal:PreTax401k      1200.00 IRAUSD
  Assets:US:Hooli:Vacation                              5 VACHR
  Income:US:Hooli:Vacation                             -5 VACHR

2022-06-09 * "Hooli" "Payroll"
  Assets:US:BofA:Checking                         1350.60 USD
  Assets:US:Vanguard:Cash                         1200.00 USD
  Income:US:Hooli:Salary                         -4615.38 USD
  Income:US:Hooli:GroupTermLife                    -24.32 USD
  Expenses:Health:Life:GroupTermLife                24.32 USD
  Expenses:Health:Dental:Insurance                   2.90 USD
  Expenses:Health:Medical:Insurance                 27.38 USD
  Expenses:Health:Vision:Insurance                  42.30 USD
  Expenses:Taxes:Y2022:US:Medicare                 106.62 USD
  Expenses:Taxes:Y2022:US:Federal                 1062.92 USD
  Expenses:Taxes:Y2022:US:State                    365.08 USD
  Expenses:Taxes:Y2022:US:CityNYC                  174.92 USD
  Expenses:Taxes:Y2022:US:SDI                        1.12 USD
  Expenses:Taxes:Y2022:US:SocSec                   281.54 USD
  Assets:US:Federal:PreTax401k                   -1200.00 IRAUSD
  Expenses:Taxes:Y2022:US:Federal:PreTax401k      1200.00 IRAUSD
  Assets:US:Hooli:Vacation                              5 VACHR
  Income:US:Hooli:Vacation                             -5 VACHR

2022-06-23 * "Hooli" "Payroll"
  Assets:US:BofA:Checking                         1350.60 USD
  Assets:US:Vanguard:Cash                         1200.00 USD
  Income:US:Hooli:Salary                         -4615.38 USD
  Income:US:Hooli:GroupTermLife                    -24.32 USD
  Expenses:Health:Life:GroupTermLife                24.32 USD
  Expenses:Health:Dental:Insurance                   2.90 USD
  Expenses:Health:Medical:Insurance                 27.38 USD
  Expenses:Health:Vision:Insurance                  42.30 USD
  Expenses:Taxes:Y2022:US:Medicare                 106.62 USD
  Expenses:Taxes:Y2022:US:Federal                 1062.92 USD
  Expenses:Taxes:Y2022:US:State                    365.08 USD
  Expenses:Taxes:Y2022:US:CityNYC                  174.92 USD
  Expenses:Taxes:Y2022:US:SDI                        1.12 USD
  Expenses:Taxes:Y2022:US:SocSec                   281.54 USD
  Assets:US:Federal:PreTax401k                   -1200.00 IRAUSD
  Expenses:Taxes:Y2022:US:Federal:PreTax401k      1200.00 IRAUSD
  Assets:US:Hooli:Vacation                              5 VACHR
  Income:US:Hooli:Vacation                             -5 VACHR

2022-07-07 * "Hooli" "Payroll"
  Assets:US:BofA:Checking                         1350.60 USD
  Assets:US:Vanguard:Cash                         1200.00 USD
  Income:US:Hooli:Salary                         -4615.38 USD
  Income:US:Hooli:GroupTermLife                    -24.32 USD
  Expenses:Health:Life:GroupTermLife                24.32 USD
  Expenses:Health:Dental:Insurance                   2.90 USD
  Expenses:Health:Medical:Insurance                 27.38 USD
  Expenses:Health:Vision:Insurance                  42.30 USD
  Expenses:Taxes:Y2022:US:Medicare                 106.62 USD
  Expenses:Taxes:Y2022:US:Federal                 1062.92 USD
  Expenses:Taxes:Y2022:US:State                    365.08 USD
  Expenses:Taxes:Y2022:US:CityNYC                  174.92 USD
  Expenses:Taxes:Y2022:US:SDI                        1.12 USD
  Expenses:Taxes:Y2022:US:SocSec                   281.54 USD
  Assets:US:Federal:PreTax401k                   -1200.00 IRAUSD
  Expenses:Taxes:Y2022:US:Federal:PreTax401k      1200.00 IRAUSD
  Assets:US:Hooli:Vacation                              5 VACHR
  Income:US:Hooli:Vacation                             -5 VACHR

2022-07-21 * "Hooli" "Payroll"
  Assets:US:BofA:Checking                         1350.60 USD
  Assets:US:Vanguard:Cash                         1200.00 USD
  Income:US:Hooli:Salary                         -4615.38 USD
  Income:US:Hooli:GroupTermLife                    -24.32 USD
  Expenses:Health:Life:GroupTermLife                24.32 USD
  Expenses:Health:Dental:Insurance                   2.90 USD
  Expenses:Health:Medical:Insurance                 27.38 USD
  Expenses:Health:Vision:Insurance                  42.30 USD
  Expenses:Taxes:Y2022:US:Medicare                 106.62 USD
  Expenses:Taxes:Y2022:US:Federal                 1062.92 USD
  Expenses:Taxes:Y2022:US:State                    365.08 USD
  Expenses:Taxes:Y2022:US:CityNYC                  174.92 USD
  Expenses:Taxes:Y2022:US:SDI                        1.12 USD
  Expenses:Taxes:Y2022:US:SocSec                   281.54 USD
  Assets:US:Federal:PreTax401k                   -1200.00 IRAUSD
  Expenses:Taxes:Y2022:US:Federal:PreTax401k      1200.00 IRAUSD
  Assets:US:Hooli:Vacation                              5 VACHR
  Income:US:Hooli:Vacation                             -5 VACHR

2022-08-04 * "Hooli" "Payroll"
  Assets:US:BofA:Checking                         2050.60 USD
  Assets:US:Vanguard:Cash                          500.00 USD
  Income:US:Hooli:Salary                         -4615.38 USD
  Income:US:Hooli:GroupTermLife                    -24.32 USD
  Expenses:Health:Life:GroupTermLife                24.32 USD
  Expenses:Health:Dental:Insurance                   2.90 USD
  Expenses:Health:Medical:Insurance                 27.38 USD
  Expenses:Health:Vision:Insurance                  42.30 USD
  Expenses:Taxes:Y2022:US:Medicare                 106.62 USD
  Expenses:Taxes:Y2022:US:Federal                 1062.92 USD
  Expenses:Taxes:Y2022:US:State                    365.08 USD
  Expenses:Taxes:Y2022:US:CityNYC                  174.92 USD
  Expenses:Taxes:Y2022:US:SDI                        1.12 USD
  Expenses:Taxes:Y2022:US:SocSec                   281.54 USD
  Assets:US:Federal:PreTax401k                    -500.00 IRAUSD
  Expenses:Taxes:Y2022:US:Federal:PreTax401k       500.00 IRAUSD
  Assets:US:Hooli:Vacation                              5 VACHR
  Income:US:Hooli:Vacation                             -5 VACHR

2022-08-18 * "Hooli" "Payroll"
  Assets:US:BofA:Checking                         2550.60 USD
  Income:US:Hooli:Salary                         -4615.38 USD
  Income:US:Hooli:GroupTermLife                    -24.32 USD
  Expenses:Health:Life:GroupTermLife                24.32 USD
  Expenses:Health:Dental:Insurance                   2.90 USD
  Expenses:Health:Medical:Insurance                 27.38 USD
  Expenses:Health:Vision:Insurance                  42.30 USD
  Expenses:Taxes:Y2022:US:Medicare                 106.62 USD
  Expenses:Taxes:Y2022:US:Federal                 1062.92 USD
  Expenses:Taxes:Y2022:US:State                    365.08 USD
  Expenses:Taxes:Y2022:US:CityNYC                  174.92 USD
  Expenses:Taxes:Y2022:US:SDI                        1.12 USD
  Expenses:Taxes:Y2022:US:SocSec                   281.54 USD
  Assets:US:Federal:PreTax401k                       0.00 IRAUSD
  Assets:US:Hooli:Vacation                              5 VACHR
  Income:US:Hooli:Vacation                             -5 VACHR

2022-09-01 * "Hooli" "Payroll"
  Assets:US:BofA:Checking                         2550.60 USD
  Income:US:Hooli:Salary                         -4615.38 USD
  Income:US:Hooli:GroupTermLife                    -24.32 USD
  Expenses:Health:Life:GroupTermLife                24.32 USD
  Expenses:Health:Dental:Insurance                   2.90 USD
  Expenses:Health:Medical:Insurance                 27.38 USD
  Expenses:Health:Vision:Insurance                  42.30 USD
  Expenses:Taxes:Y2022:US:Medicare                 106.62 USD
  Expenses:Taxes:Y2022:US:Federal                 1062.92 USD
  Expenses:Taxes:Y2022:US:State                    365.08 USD
  Expenses:Taxes:Y2022:US:CityNYC                  174.92 USD
  Expenses:Taxes:Y2022:US:SDI                        1.12 USD
  Expenses:Taxes:Y2022:US:SocSec                   281.54 USD
  Assets:US:Federal:PreTax401k                       0.00 IRAUSD
  Assets:US:Hooli:Vacation                              5 VACHR
  Income:US:Hooli:Vacation                             -5 VACHR

2022-09-15 * "Hooli" "Payroll"
  Assets:US:BofA:Checking                         2550.60 USD
  Income:US:Hooli:Salary                         -4615.38 USD
  Income:US:Hooli:GroupTermLife                    -24.32 USD
  Expenses:Health:Life:GroupTermLife                24.32 USD
  Expenses:Health:Dental:Insurance                   2.90 USD
  Expenses:Health:Medical:Insurance                 27.38 USD
  Expenses:Health:Vision:Insurance                  42.30 USD
  Expenses:Taxes:Y2022:US:Medicare                 106.62 USD
  Expenses:Taxes:Y2022:US:Federal                 1062.92 USD
  Expenses:Taxes:Y2022:US:State                    365.08 USD
  Expenses:Taxes:Y2022:US:CityNYC                  174.92 USD
  Expenses:Taxes:Y2022:US:SDI                        1.12 USD
  Expenses:Taxes:Y2022:US:SocSec                   281.54 USD
  Assets:US:Federal:PreTax401k                       0.00 IRAUSD
  Assets:US:Hooli:Vacation                              5 VACHR
  Income:US:Hooli:Vacation                             -5 VACHR

2022-09-29 * "Hooli" "Payroll"
  Assets:US:BofA:Checking                         2550.60 USD
  Income:US:Hooli:Salary                         -4615.38 USD
  Income:US:Hooli:GroupTermLife                    -24.32 USD
  Expenses:Health:Life:GroupTermLife                24.32 USD
  Expenses:Health:Dental:Insurance                   2.90 USD
  Expenses:Health:Medical:Insurance                 27.38 USD
  Expenses:Health:Vision:Insurance                  42.30 USD
  Expenses:Taxes:Y2022:US:Medicare                 106.62 USD
  Expenses:Taxes:Y2022:US:Federal                 1062.92 USD
  Expenses:Taxes:Y2022:US:State                    365.08 USD
  Expenses:Taxes:Y2022:US:CityNYC                  174.92 USD
  Expenses:Taxes:Y2022:US:SDI                        1.12 USD
  Expenses:Taxes:Y2022:US:SocSec                   281.54 USD
  Assets:US:Federal:PreTax401k                       0.00 IRAUSD
  Assets:US:Hooli:Vacation                              5 VACHR
  Income:US:Hooli:Vacation                             -5 VACHR

2022-10-13 * "Hooli" "Payroll"
  Assets:US:BofA:Checking                         2550.60 USD
  Income:US:Hooli:Salary                         -4615.38 USD
  Income:US:Hooli:GroupTermLife                    -24.32 USD
  Expenses:Health:Life:GroupTermLife                24.32 USD
  Expenses:Health:Dental:Insurance                   2.90 USD
  Expenses:Health:Medical:Insurance                 27.38 USD
  Expenses:Health:Vision:Insurance                  42.30 USD
  Expenses:Taxes:Y2022:US:Medicare                 106.62 USD
  Expenses:Taxes:Y2022:US:Federal                 1062.92 USD
  Expenses:Taxes:Y2022:US:State                    365.08 USD
  Expenses:Taxes:Y2022:US:CityNYC                  174.92 USD
  Expenses:Taxes:Y2022:US:SDI                        1.12 USD
  Expenses:Taxes:Y2022:US:SocSec                   281.54 USD
  Assets:US:Federal:PreTax401k                       0.00 IRAUSD
  Assets:US:Hooli:Vacation                              5 VACHR
  Income:US:Hooli:Vacation                             -5 VACHR

2022-10-27 * "Hooli" "Payroll"
  Assets:US:BofA:Checking                         2550.60 USD
  Income:US:Hooli:Salary                         -4615.38 USD
  Income:US:Hooli:GroupTermLife                    -24.32 USD
  Expenses:Health:Life:GroupTermLife                24.32 USD
  Expenses:Health:Dental:Insurance                   2.90 USD
  Expenses:Health:Medical:Insurance                 27.38 USD
  Expenses:Health:Vision:Insurance                  42.30 USD
  Expenses:Taxes:Y2022:US:Medicare                 106.62 USD
  Expenses:Taxes:Y2022:US:Federal                 1062.92 USD
  Expenses:Taxes:Y2022:US:State                    365.08 USD
  Expenses:Taxes:Y2022:US:CityNYC                  174.92 USD
  Expenses:Taxes:Y2022:US:SDI                        1.12 USD
  Expenses:Taxes:Y2022:US:SocSec                   281.54 USD
  Assets:US:Federal:PreTax401k                       0.00 IRAUSD
  Assets:US:Hooli:Vacation                              5 VACHR
  Income:US:Hooli:Vacation                             -5 VACHR

2022-11-10 * "Hooli" "Payroll"
  Assets:US:BofA:Checking                         2550.60 USD
  Income:US:Hooli:Salary                         -4615.38 USD
  Income:US:Hooli:GroupTermLife                    -24.32 USD
  Expenses:Health:Life:GroupTermLife                24.32 USD
  Expenses:Health:Dental:Insurance                   2.90 USD
  Expenses:Health:Medical:Insurance                 27.38 USD
  Expenses:Health:Vision:Insurance                  42.30 USD
  Expenses:Taxes:Y2022:US:Medicare                 106.62 USD
  Expenses:Taxes:Y2022:US:Federal                 1062.92 USD
  Expenses:Taxes:Y2022:US:State                    365.08 USD
  Expenses:Taxes:Y2022:US:CityNYC                  174.92 USD
  Expenses:Taxes:Y2022:US:SDI                        1.12 USD
  Expenses:Taxes:Y2022:US:SocSec                   281.54 USD
  Assets:US:Federal:PreTax401k                       0.00 IRAUSD
  Assets:US:Hooli:Vacation                              5 VACHR
  Income:US:Hooli:Vacation                             -5 VACHR

2022-11-24 * "Hooli" "Payroll"
  Assets:US:BofA:Checking                         2550.60 USD
  Income:US:Hooli:Salary                         -4615.38 USD
  Income:US:Hooli:GroupTermLife                    -24.32 USD
  Expenses:Health:Life:GroupTermLife                24.32 USD
  Expenses:Health:Dental:Insurance                   2.90 USD
  Expenses:Health:Medical:Insurance                 27.38 USD
  Expenses:Health:Vision:Insurance                  42.30 USD
  Expenses:Taxes:Y2022:US:Medicare                 106.62 USD
  Expenses:Taxes:Y2022:US:Federal                 1062.92 USD
  Expenses:Taxes:Y2022:US:State                    365.08 USD
  Expenses:Taxes:Y2022:US:CityNYC                  174.92 USD
  Expenses:Taxes:Y2022:US:SDI                        1.12 USD
  Expenses:Taxes:Y2022:US:SocSec                   281.54 USD
  Assets:US:Federal:PreTax401k                       0.00 IRAUSD
  Assets:US:Hooli:Vacation                              5 VACHR
  Income:US:Hooli:Vacation                             -5 VACHR

2022-12-08 * "Hooli" "Payroll"
  Assets:US:BofA:Checking                         2589.06 USD
  Income:US:Hooli:Salary                         -4615.38 USD
  Income:US:Hooli:GroupTermLife                    -24.32 USD
  Expenses:Health:Life:GroupTermLife                24.32 USD
  Expenses:Health:Dental:Insurance                   2.90 USD
  Expenses:Health:Medical:Insurance                 27.38 USD
  Expenses:Health:Vision:Insurance                  42.30 USD
  Expenses:Taxes:Y2022:US:Medicare                 106.62 USD
  Expenses:Taxes:Y2022:US:Federal                 1062.92 USD
  Expenses:Taxes:Y2022:US:State                    365.08 USD
  Expenses:Taxes:Y2022:US:CityNYC                  174.92 USD
  Expenses:Taxes:Y2022:US:SDI                        1.12 USD
  Expenses:Taxes:Y2022:US:SocSec                   243.08 USD
  Assets:US:Federal:PreTax401k                       0.00 IRAUSD
  Assets:US:Hooli:Vacation                              5 VACHR
  Income:US:Hooli:Vacation                             -5 VACHR

2022-12-22 * "Hooli" "Payroll"
  Assets:US:BofA:Checking                         2832.14 USD
  Income:US:Hooli:Salary                         -4615.38 USD
  Income:US:Hooli:GroupTermLife                    -24.32 USD
  Expenses:Health:Life:GroupTermLife                24.32 USD
  Expenses:Health:Dental:Insurance                   2.90 USD
  Expenses:Health:Medical:Insurance                 27.38 USD
  Expenses:Health:Vision:Insurance                  42.30 USD
  Expenses:Taxes:Y2022:US:Medicare                 106.62 USD
  Expenses:Taxes:Y2022:US:Federal                 1062.92 USD
  Expenses:Taxes:Y2022:US:State                    365.08 USD
  Expenses:Taxes:Y2022:US:CityNYC                  174.92 USD
  Expenses:Taxes:Y2022:US:SDI                        1.12 USD
  Expenses:Taxes:Y2022:US:SocSec                     0.00 USD
  Assets:US:Federal:PreTax401k                       0.00 IRAUSD
  Assets:US:Hooli:Vacation                              5 VACHR
  Income:US:Hooli:Vacation                             -5 VACHR

2023-01-05 * "Hooli" "Payroll"
  Assets:US:BofA:Checking                         1350.60 USD
  Assets:US:Vanguard:Cash                         1200.00 USD
  Income:US:Hooli:Salary                         -4615.38 USD
  Income:US:Hooli:GroupTermLife                    -24.32 USD
  Expenses:Health:Life:GroupTermLife                24.32 USD
  Expenses:Health:Dental:Insurance                   2.90 USD
  Expenses:Health:Medical:Insurance                 27.38 USD
  Expenses:Health:Vision:Insurance                  42.30 USD
  Expenses:Taxes:Y2023:US:Medicare                 106.62 USD
  Expenses:Taxes:Y2023:US:Federal                 1062.92 USD
  Expenses:Taxes:Y2023:US:State                    365.08 USD
  Expenses:Taxes:Y2023:US:CityNYC                  174.92 USD
  Expenses:Taxes:Y2023:US:SDI                        1.12 USD
  Expenses:Taxes:Y2023:US:SocSec                   281.54 USD
  Assets:US:Federal:PreTax401k                   -1200.00 IRAUSD
  Expenses:Taxes:Y2023:US:Federal:PreTax401k      1200.00 IRAUSD
  Assets:US:Hooli:Vacation                              5 VACHR
  Income:US:Hooli:Vacation                             -5 VACHR

2023-01-19 * "Hooli" "Payroll"
  Assets:US:BofA:Checking                         1350.60 USD
  Assets:US:Vanguard:Cash                         1200.00 USD
  Income:US:Hooli:Salary                         -4615.38 USD
  Income:US:Hooli:GroupTermLife                    -24.32 USD
  Expenses:Health:Life:GroupTermLife                24.32 USD
  Expenses:Health:Dental:Insurance                   2.90 USD
  Expenses:Health:Medical:Insurance                 27.38 USD
  Expenses:Health:Vision:Insurance                  42.30 USD
  Expenses:Taxes:Y2023:US:Medicare                 106.62 USD
  Expenses:Taxes:Y2023:US:Federal                 1062.92 USD
  Expenses:Taxes:Y2023:US:State                    365.08 USD
  Expenses:Taxes:Y2023:US:CityNYC                  174.92 USD
  Expenses:Taxes:Y2023:US:SDI                        1.12 USD
  Expenses:Taxes:Y2023:US:SocSec                   281.54 USD
  Assets:US:Federal:PreTax401k                   -1200.00 IRAUSD
  Expenses:Taxes:Y2023:US:Federal:PreTax401k      1200.00 IRAUSD
  Assets:US:Hooli:Vacation                              5 VACHR
  Income:US:Hooli:Vacation                             -5 VACHR

2023-02-02 * "Hooli" "Payroll"
  Assets:US:BofA:Checking                         1350.60 USD
  Assets:US:Vanguard:Cash                         1200.00 USD
  Income:US:Hooli:Salary                         -4615.38 USD
  Income:US:Hooli:GroupTermLife                    -24.32 USD
  Expenses:Health:Life:GroupTermLife                24.32 USD
  Expenses:Health:Dental:Insurance                   2.90 USD
  Expenses:Health:Medical:Insurance                 27.38 USD
  Expenses:Health:Vision:Insurance                  42.30 USD
  Expenses:Taxes:Y2023:US:Medicare                 106.62 USD
  Expenses:Taxes:Y2023:US:Federal                 1062.92 USD
  Expenses:Taxes:Y2023:US:State                    365.08 USD
  Expenses:Taxes:Y2023:US:CityNYC                  174.92 USD
  Expenses:Taxes:Y2023:US:SDI                        1.12 USD
  Expenses:Taxes:Y2023:US:SocSec                   281.54 USD
  Assets:US:Federal:PreTax401k                   -1200.00 IRAUSD
  Expenses:Taxes:Y2023:US:Federal:PreTax401k      1200.00 IRAUSD
  Assets:US:Hooli:Vacation                              5 VACHR
  Income:US:Hooli:Vacation                             -5 VACHR



* Taxes

1980-05-12 open Income:US:Federal:PreTax401k                    IRAUSD
1980-05-12 open Assets:US:Federal:PreTax401k                    IRAUSD



** Tax Year 2021

2021-01-01 open Expenses:Taxes:Y2021:US:Federal:PreTax401k      IRAUSD
2021-01-01 open Expenses:Taxes:Y2021:US:Medicare                USD
2021-01-01 open Expenses:Taxes:Y2021:US:Federal                 USD
2021-01-01 open Expenses:Taxes:Y2021:US:CityNYC                 USD
2021-01-01 open Expenses:Taxes:Y2021:US:SDI                     USD
2021-01-01 open Expenses:Taxes:Y2021:US:State                   USD
2021-01-01 open Expenses:Taxes:Y2021:US:SocSec                  USD

2021-01-01 balance Assets:US:Federal:PreTax401k         0 IRAUSD

2021-01-01 * "Allowed contributions for one year"
  Income:US:Federal:PreTax401k                     -18500 IRAUSD
  Assets:US:Federal:PreTax401k                      18500 IRAUSD

2022-03-20 * "Filing taxes for 2021"
  Expenses:Taxes:Y2021:US:Federal                  388.14 USD
  Expenses:Taxes:Y2021:US:State                    254.82 USD
  Liabilities:AccountsPayable                     -642.96 USD

2022-03-20 * "STATE TAX & FINANC PYMT"
  Assets:US:BofA:Checking                         -254.82 USD
  Liabilities:AccountsPayable                      254.82 USD

2022-03-21 * "FEDERAL TAXPYMT"
  Assets:US:BofA:Checking                         -388.14 USD
  Liabilities:AccountsPayable                      388.14 USD



** Tax Year 2022

2022-01-01 open Expenses:Taxes:Y2022:US:Federal:PreTax401k      IRAUSD
2022-01-01 open Expenses:Taxes:Y2022:US:Medicare                USD
2022-01-01 open Expenses:Taxes:Y2022:US:Federal                 USD
2022-01-01 open Expenses:Taxes:Y2022:US:CityNYC                 USD
2022-01-01 open Expenses:Taxes:Y2022:US:SDI                     USD
2022-01-01 open Expenses:Taxes:Y2022:US:State                   USD
2022-01-01 open Expenses:Taxes:Y2022:US:SocSec                  USD

2022-01-01 balance Assets:US:Federal:PreTax401k         0 IRAUSD

2022-01-01 * "Allowed contributions for one year"
  Income:US:Federal:PreTax401k                     -18500 IRAUSD
  Assets:US:Federal:PreTax401k                      18500 IRAUSD



** Tax Year 2023

2023-01-01 open Expenses:Taxes:Y2023:US:Federal:PreTax401k      IRAUSD
2023-01-01 open Expenses:Taxes:Y2023:US:Medicare                USD
2023-01-01 open Expenses:Taxes:Y2023:US:Federal                 USD
2023-01-01 open Expenses:Taxes:Y2023:US:CityNYC                 USD
2023-01-01 open Expenses:Taxes:Y2023:US:SDI                     USD
2023-01-01 open Expenses:Taxes:Y2023:US:State                   USD
2023-01-01 open Expenses:Taxes:Y2023:US:SocSec                  USD

2023-01-01 balance Assets:US:Federal:PreTax401k         0 IRAUSD

2023-01-01 * "Allowed contributions for one year"
  Income:US:Federal:PreTax401k                     -18500 IRAUSD
  Assets:US:Federal:PreTax401k                      18500 IRAUSD



* Expenses

1980-05-12 open Expenses:Food:Groceries
1980-05-12 open Expenses:Food:Restaurant
1980-05-12 open Expenses:Food:Coffee
1980-05-12 open Expenses:Food:Alcohol
1980-05-12 open Expenses:Transport:Tram
1980-05-12 open Expenses:Home:Rent
1980-05-12 open Expenses:Home:Electricity
1980-05-12 open Expenses:Home:Internet
1980-05-12 open Expenses:Home:Phone
1980-05-12 open Expenses:Financial:Fees
1980-05-12 open Expenses:Financial:Commissions



* Prices

2021-01-01 price VBMPX                              48.92 USD
2021-01-01 price RGAGX                              57.33 USD
2021-01-01 price ITOT                              127.60 USD
2021-01-01 price VEA                                94.29 USD
2021-01-01 price VHT                                81.57 USD
2021-01-01 price GLD                                74.91 USD
2021-01-08 price VBMPX                              50.22 USD
2021-01-08 price RGAGX                              57.50 USD
2021-01-08 price ITOT                              124.61 USD
2021-01-08 price VEA                                94.61 USD
2021-01-08 price VHT                                79.88 USD
2021-01-08 price GLD                                75.06 USD
2021-01-15 price VBMPX                              50.10 USD
2021-01-15 price RGAGX                              57.57 USD
2021-01-15 price ITOT                              127.86 USD
2021-01-15 price VEA                                96.39 USD
2021-01-15 price VHT                                79.57 USD
2021-01-15 price GLD                                74.22 USD
2021-01-22 price VBMPX                              50.60 USD
2021-01-22 price RGAGX                              57.41 USD
2021-01-22 price ITOT                              127.68 USD
2021-01-22 price VEA                                96.34 USD
2021-01-22 price VHT                                79.23 USD
2021-01-22 price GLD                                72.52 USD
2021-01-29 price VBMPX                              50.18 USD
2021-01-29 price RGAGX                              56.85 USD
2021-01-29 price ITOT                              127.20 USD
2021-01-29 price VEA                               100.64 USD
2021-01-29 price VHT                                81.70 USD
2021-01-29 price GLD                                71.60 USD
2021-02-05 price VBMPX                              50.11 USD
2021-02-05 price RGAGX                              57.19 USD
2021-02-05 price ITOT                              129.51 USD
2021-02-05 price VEA                               101.91 USD
2021-02-05 price VHT                                82.02 USD
2021-02-05 price GLD                                71.20 USD
2021-02-12 price VBMPX                              49.11 USD
2021-02-12 price RGAGX                              56.71 USD
2021-02-12 price ITOT                              130.35 USD
2021-02-12 price VEA                               104.46 USD
2021-02-12 price VHT                                83.62 USD
2021-02-12 price GLD                                72.44 USD
2021-02-19 price VBMPX                              49.71 USD
2021-02-19 price RGAGX                              56.81 USD
2021-02-19 price ITOT                              128.82 USD
2021-02-19 price VEA                               106.87 USD
2021-02-19 price VHT                                82.97 USD
2021-02-19 price GLD                                74.01 USD
2021-02-26 price VBMPX                              49.45 USD
2021-02-26 price RGAGX                              56.82 USD
2021-02-26 price ITOT                              128.89 USD
2021-02-26 price VEA                               106.41 USD
2021-02-26 price VHT                                82.55 USD
2021-02-26 price GLD                                74.36 USD
2021-03-05 price VBMPX                              49.12 USD
2021-03-05 price RGAGX                              55.96 USD
2021-03-05 price ITOT                              127.00 USD
2021-03-05 price VEA                               107.82 USD
2021-03-05 price VHT                                84.75 USD
2021-03-05 price GLD                                75.17 USD
2021-03-12 price VBMPX                              49.57 USD
2021-03-12 price RGAGX                              56.29 USD
2021-03-12 price ITOT                              129.76 USD
2021-03-12 price VEA                               109.56 USD
2021-03-12 price VHT                                84.19 USD
2021-03-12 price GLD                                74.18 USD
2021-03-19 price VBMPX                              51.15 USD
2021-03-19 price RGAGX                              56.11 USD
2021-03-19 price ITOT                              128.77 USD
2021-03-19 price VEA                               110.23 USD
2021-03-19 price VHT                                83.66 USD
2021-03-19 price GLD                                72.40 USD
2021-03-26 price VBMPX                              51.74 USD
2021-03-26 price RGAGX                              56.19 USD
2021-03-26 price ITOT                              131.44 USD
2021-03-26 price VEA                               109.08 USD
2021-03-26 price VHT                                84.94 USD
2021-03-26 price GLD                                71.55 USD
2021-04-02 price VBMPX                              51.08 USD
2021-04-02 price RGAGX                              57.15 USD
2021-04-02 price ITOT                              130.59 USD
2021-04-02 price VEA                               110.32 USD
2021-04-02 price VHT                                84.69 USD
2021-04-02 price GLD                                71.61 USD
2021-04-09 price VBMPX                              50.40 USD
2021-04-09 price RGAGX                              57.14 USD
2021-04-09 price ITOT                              132.49 USD
2021-04-09 price VEA                               109.02 USD
2021-04-09 price VHT                                84.33 USD
2021-04-09 price GLD                                72.14 USD
2021-04-16 price VBMPX                              50.63 USD
2021-04-16 price RGAGX                              57.09 USD
2021-04-16 price ITOT                              130.64 USD
2021-04-16 price VEA                               105.86 USD
2021-04-16 price VHT                                85.07 USD
2021-04-16 price GLD                                71.91 USD
2021-04-23 price VBMPX                              50.98 USD
2021-04-23 price RGAGX                              57.42 USD
2021-04-23 price ITOT                              134.05 USD
2021-04-23 price VEA                               105.31 USD
2021-04-23 price VHT                                86.26 USD
2021-04-23 price GLD                                73.16 USD
2021-04-30 price VBMPX                              51.30 USD
2021-04-30 price RGAGX                              57.22 USD
2021-04-30 price ITOT                              131.16 USD
2021-04-30 price VEA                               104.33 USD
2021-04-30 price VHT                                86.78 USD
2021-04-30 price GLD                                71.02 USD
2021-05-07 price VBMPX                              50.31 USD
2021-05-07 price RGAGX                              57.28 USD
2021-05-07 price ITOT                              130.78 USD
2021-05-07 price VEA                               104.20 USD
2021-05-07 price VHT                                86.91 USD
2021-05-07 price GLD                                71.34 USD
2021-05-14 price VBMPX                              49.30 USD
2021-05-14 price RGAGX                              56.87 USD
2021-05-14 price ITOT                              131.98 USD
2021-05-14 price VEA                               103.38 USD
2021-05-14 price VHT                                86.89 USD
2021-05-14 price GLD                                71.17 USD
2021-05-21 price VBMPX                              49.80 USD
2021-05-21 price RGAGX                              56.32 USD
2021-05-21 price ITOT                              134.45 USD
2021-05-21 price VEA                               104.18 USD
2021-05-21 price VHT                                88.86 USD
2021-05-21 price GLD                                72.37 USD
2021-05-28 price VBMPX                              48.25 USD
2021-05-28 price RGAGX                              56.85 USD
2021-05-28 price ITOT                              131.15 USD
2021-05-28 price VEA                               104.52 USD
2021-05-28 price VHT                                86.86 USD
2021-05-28 price GLD                                70.99 USD
2021-06-04 price VBMPX                              47.75 USD
2021-06-04 price RGAGX                              57.29 USD
2021-06-04 price ITOT                              127.65 USD
2021-06-04 price VEA                               105.85 USD
2021-06-04 price VHT                                87.98 USD
2021-06-04 price GLD                                71.50 USD
2021-06-11 price VBMPX                              49.82 USD
2021-06-11 price RGAGX                              56.65 USD
2021-06-11 price ITOT                              126.24 USD
2021-06-11 price VEA                               102.97 USD
2021-06-11 price VHT                                88.23 USD
2021-06-11 price GLD                                70.98 USD
2021-06-18 price VBMPX                              50.12 USD
2021-06-18 price RGAGX                              56.92 USD
2021-06-18 price ITOT                              124.02 USD
2021-06-18 price VEA                               103.59 USD
2021-06-18 price VHT                                88.46 USD
2021-06-18 price GLD                                72.61 USD
2021-06-25 price VBMPX                              50.81 USD
2021-06-25 price RGAGX                              56.93 USD
2021-06-25 price ITOT                              125.49 USD
2021-06-25 price VEA                               103.55 USD
2021-06-25 price VHT                                89.72 USD
2021-06-25 price GLD                                73.64 USD
2021-07-02 price VBMPX                              51.75 USD
2021-07-02 price RGAGX                              57.21 USD
2021-07-02 price ITOT                              128.47 USD
2021-07-02 price VEA                               101.16 USD
2021-07-02 price VHT                                89.49 USD
2021-07-02 price GLD                                73.65 USD
2021-07-09 price VBMPX                              51.93 USD
2021-07-09 price RGAGX                              57.00 USD
2021-07-09 price ITOT                              130.04 USD
2021-07-09 price VEA                               102.81 USD
2021-07-09 price VHT                                90.08 USD
2021-07-09 price GLD                                75.14 USD
2021-07-16 price VBMPX                              51.91 USD
2021-07-16 price RGAGX                              58.02 USD
2021-07-16 price ITOT                              131.76 USD
2021-07-16 price VEA                               101.41 USD
2021-07-16 price VHT                                89.69 USD
2021-07-16 price GLD                                76.26 USD
2021-07-23 price VBMPX                              53.04 USD
2021-07-23 price RGAGX                              57.61 USD
2021-07-23 price ITOT                              134.96 USD
2021-07-23 price VEA                               101.29 USD
2021-07-23 price VHT                                89.30 USD
2021-07-23 price GLD                                79.21 USD
2021-07-30 price VBMPX                              53.85 USD
2021-07-30 price RGAGX                              58.51 USD
2021-07-30 price ITOT                              135.15 USD
2021-07-30 price VEA                               103.99 USD
2021-07-30 price VHT                                90.12 USD
2021-07-30 price GLD                                81.01 USD
2021-08-06 price VBMPX                              53.16 USD
2021-08-06 price RGAGX                              58.30 USD
2021-08-06 price ITOT                              129.77 USD
2021-08-06 price VEA                               103.05 USD
2021-08-06 price VHT                                90.81 USD
2021-08-06 price GLD                                80.80 USD
2021-08-13 price VBMPX                              53.77 USD
2021-08-13 price RGAGX                              58.34 USD
2021-08-13 price ITOT                              128.46 USD
2021-08-13 price VEA                               105.48 USD
2021-08-13 price VHT                                89.99 USD
2021-08-13 price GLD                                81.59 USD
2021-08-20 price VBMPX                              53.57 USD
2021-08-20 price RGAGX                              58.13 USD
2021-08-20 price ITOT                              128.43 USD
2021-08-20 price VEA                               106.81 USD
2021-08-20 price VHT                                89.26 USD
2021-08-20 price GLD                                80.32 USD
2021-08-27 price VBMPX                              52.25 USD
2021-08-27 price RGAGX                              58.21 USD
2021-08-27 price ITOT                              126.52 USD
2021-08-27 price VEA                               106.26 USD
2021-08-27 price VHT                                89.07 USD
2021-08-27 price GLD                                81.95 USD
2021-09-03 price VBMPX                              52.54 USD
2021-09-03 price RGAGX                              59.01 USD
2021-09-03 price ITOT                              126.32 USD
2021-09-03 price VEA                               107.25 USD
2021-09-03 price VHT                                88.85 USD
2021-09-03 price GLD                                79.26 USD
2021-09-10 price VBMPX                              52.07 USD
2021-09-10 price RGAGX                              58.55 USD
2021-09-10 price ITOT                              129.02 USD
2021-09-10 price VEA                               106.14 USD
2021-09-10 price VHT                                88.93 USD
2021-09-10 price GLD                                77.69 USD
2021-09-17 price VBMPX                              52.62 USD
2021-09-17 price RGAGX                              58.13 USD
2021-09-17 price ITOT                              131.16 USD
2021-09-17 price VEA                               106.70 USD
2021-09-17 price VHT                                91.25 USD
2021-09-17 price GLD                                78.31 USD
2021-09-24 price VBMPX                              53.73 USD
2021-09-24 price RGAGX                              57.77 USD
2021-09-24 price ITOT                              131.97 USD
2021-09-24 price VEA                               107.78 USD
2021-09-24 price VHT                                90.02 USD
2021-09-24 price GLD                                76.78 USD
2021-10-01 price VBMPX                              54.77 USD
2021-10-01 price RGAGX                              57.53 USD
2021-10-01 price ITOT                              135.27 USD
2021-10-01 price VEA                               108.80 USD
2021-10-01 price VHT                                88.75 USD
2021-10-01 price GLD                                75.16 USD
2021-10-08 price VBMPX                              55.53 USD
2021-10-08 price RGAGX                              57.69 USD
2021-10-08 price ITOT                              132.14 USD
2021-10-08 price VEA                               109.86 USD
2021-10-08 price VHT                                88.56 USD
2021-10-08 price GLD                                72.83 USD
2021-10-15 price VBMPX                              54.98 USD
2021-10-15 price RGAGX                              58.04 USD
2021-10-15 price ITOT                              128.87 USD
2021-10-15 price VEA                               110.69 USD
2021-10-15 price VHT                                88.18 USD
2021-10-15 price GLD                                72.38 USD
2021-10-22 price VBMPX                              56.93 USD
2021-10-22 price RGAGX                              57.28 USD
2021-10-22 price ITOT                              130.09 USD
2021-10-22 price VEA                               112.80 USD
2021-10-22 price VHT                                88.76 USD
2021-10-22 price GLD                                71.60 USD
2021-10-29 price VBMPX                              57.53 USD
2021-10-29 price RGAGX                              57.64 USD
2021-10-29 price ITOT                              131.56 USD
2021-10-29 price VEA                               109.43 USD
2021-10-29 price VHT                                88.13 USD
2021-10-29 price GLD                                71.25 USD
2021-11-05 price VBMPX                              56.90 USD
2021-11-05 price RGAGX                              57.45 USD
2021-11-05 price ITOT                              132.00 USD
2021-11-05 price VEA                               111.93 USD
2021-11-05 price VHT                                87.78 USD
2021-11-05 price GLD                                71.56 USD
2021-11-12 price VBMPX                              56.34 USD
2021-11-12 price RGAGX                              57.89 USD
2021-11-12 price ITOT                              131.93 USD
2021-11-12 price VEA                               113.94 USD
2021-11-12 price VHT                                88.96 USD
2021-11-12 price GLD                                72.27 USD
2021-11-19 price VBMPX                              56.58 USD
2021-11-19 price RGAGX                              58.46 USD
2021-11-19 price ITOT                              132.64 USD
2021-11-19 price VEA                               113.53 USD
2021-11-19 price VHT                                88.08 USD
2021-11-19 price GLD                                71.19 USD
2021-11-26 price VBMPX                              57.77 USD
2021-11-26 price RGAGX                              58.84 USD
2021-11-26 price ITOT                              132.19 USD
2021-11-26 price VEA                               115.17 USD
2021-11-26 price VHT                                89.00 USD
2021-11-26 price GLD                                72.95 USD
2021-12-03 price VBMPX                              56.95 USD
2021-12-03 price RGAGX                              58.59 USD
2021-12-03 price ITOT                              130.86 USD
2021-12-03 price VEA                               118.08 USD
2021-12-03 price VHT                                89.31 USD
2021-12-03 price GLD                                73.83 USD
2021-12-10 price VBMPX                              56.43 USD
2021-12-10 price RGAGX                              59.31 USD
2021-12-10 price ITOT                              133.48 USD
2021-12-10 price VEA                               119.30 USD
2021-12-10 price VHT                                88.00 USD
2021-12-10 price GLD                                73.99 USD
2021-12-17 price VBMPX                              56.60 USD
2021-12-17 price RGAGX                              58.69 USD
2021-12-17 price ITOT                              130.61 USD
2021-12-17 price VEA                               121.28 USD
2021-12-17 price VHT                                88.30 USD
2021-12-17 price GLD                                74.10 USD
2021-12-24 price VBMPX                              56.94 USD
2021-12-24 price RGAGX                              58.19 USD
2021-12-24 price ITOT                              132.38 USD
2021-12-24 price VEA                               123.43 USD
2021-12-24 price VHT                                88.16 USD
2021-12-24 price GLD                                74.97 USD
2021-12-31 price VBMPX                              56.35 USD
2021-12-31 price RGAGX                              58.87 USD
2021-12-31 price ITOT                              134.80 USD
2021-12-31 price VEA                               125.52 USD
2021-12-31 price VHT                                87.77 USD
2021-12-31 price GLD                                75.22 USD
2022-01-07 price VBMPX                              56.59 USD
2022-01-07 price RGAGX                              58.91 USD
2022-01-07 price ITOT                              134.11 USD
2022-01-07 price VEA                               125.91 USD
2022-01-07 price VHT                                89.51 USD
2022-01-07 price GLD                                75.43 USD
2022-01-14 price VBMPX                              57.58 USD
2022-01-14 price RGAGX                              59.22 USD
2022-01-14 price ITOT                              131.46 USD
2022-01-14 price VEA                               123.40 USD
2022-01-14 price VHT                                88.55 USD
2022-01-14 price GLD                                75.05 USD
2022-01-21 price VBMPX                              58.64 USD
2022-01-21 price RGAGX                              58.29 USD
2022-01-21 price ITOT                              126.19 USD
2022-01-21 price VEA                               123.89 USD
2022-01-21 price VHT                                89.01 USD
2022-01-21 price GLD                                72.85 USD
2022-01-28 price VBMPX                              59.92 USD
2022-01-28 price RGAGX                              58.17 USD
2022-01-28 price ITOT                              124.78 USD
2022-01-28 price VEA                               123.05 USD
2022-01-28 price VHT                                88.39 USD
2022-01-28 price GLD                                75.26 USD
2022-02-04 price VBMPX                              60.36 USD
2022-02-04 price RGAGX                              58.52 USD
2022-02-04 price ITOT                              122.14 USD
2022-02-04 price VEA                               124.14 USD
2022-02-04 price VHT                                89.65 USD
2022-02-04 price GLD                                75.54 USD
2022-02-11 price VBMPX                              60.17 USD
2022-02-11 price RGAGX                              57.68 USD
2022-02-11 price ITOT                              122.16 USD
2022-02-11 price VEA                               125.57 USD
2022-02-11 price VHT                                90.00 USD
2022-02-11 price GLD                                75.71 USD
2022-02-18 price VBMPX                              60.56 USD
2022-02-18 price RGAGX                              58.12 USD
2022-02-18 price ITOT                              123.42 USD
2022-02-18 price VEA                               124.80 USD
2022-02-18 price VHT                                90.06 USD
2022-02-18 price GLD                                74.85 USD
2022-02-25 price VBMPX                              61.34 USD
2022-02-25 price RGAGX                              58.06 USD
2022-02-25 price ITOT                              125.03 USD
2022-02-25 price VEA                               124.76 USD
2022-02-25 price VHT                                90.67 USD
2022-02-25 price GLD                                74.32 USD
2022-03-04 price VBMPX                              61.39 USD
2022-03-04 price RGAGX                              57.54 USD
2022-03-04 price ITOT                              125.52 USD
2022-03-04 price VEA                               124.45 USD
2022-03-04 price VHT                                89.57 USD
2022-03-04 price GLD                                75.09 USD
2022-03-11 price VBMPX                              61.19 USD
2022-03-11 price RGAGX                              58.50 USD
2022-03-11 price ITOT                              128.00 USD
2022-03-11 price VEA                               123.05 USD
2022-03-11 price VHT                                91.08 USD
2022-03-11 price GLD                                75.01 USD
2022-03-18 price VBMPX                              61.24 USD
2022-03-18 price RGAGX                              58.61 USD
2022-03-18 price ITOT                              128.31 USD
2022-03-18 price VEA                               124.84 USD
2022-03-18 price VHT                                91.08 USD
2022-03-18 price GLD                                75.67 USD
2022-03-25 price VBMPX                              61.43 USD
2022-03-25 price RGAGX                              58.85 USD
2022-03-25 price ITOT                              127.02 USD
2022-03-25 price VEA                               123.67 USD
2022-03-25 price VHT                                90.45 USD
2022-03-25 price GLD                                77.63 USD
2022-04-01 price VBMPX                              60.74 USD
2022-04-01 price RGAGX                              58.46 USD
2022-04-01 price ITOT                              128.53 USD
2022-04-01 price VEA                               125.89 USD
2022-04-01 price VHT                                88.54 USD
2022-04-01 price GLD                                77.08 USD
2022-04-08 price VBMPX                              60.86 USD
2022-04-08 price RGAGX                              59.35 USD
2022-04-08 price ITOT                              127.42 USD
2022-04-08 price VEA                               122.53 USD
2022-04-08 price VHT                                89.54 USD
2022-04-08 price GLD                                77.11 USD
2022-04-15 price VBMPX                              61.84 USD
2022-04-15 price RGAGX                              60.06 USD
2022-04-15 price ITOT                              128.44 USD
2022-04-15 price VEA                               122.36 USD
2022-04-15 price VHT                                91.22 USD
2022-04-15 price GLD                                75.07 USD
2022-04-22 price VBMPX                              62.54 USD
2022-04-22 price RGAGX                              60.19 USD
2022-04-22 price ITOT                              129.36 USD
2022-04-22 price VEA                               122.54 USD
2022-04-22 price VHT                                93.36 USD
2022-04-22 price GLD                                77.22 USD
2022-04-29 price VBMPX                              62.73 USD
2022-04-29 price RGAGX                              60.76 USD
2022-04-29 price ITOT                              127.62 USD
2022-04-29 price VEA                               122.19 USD
2022-04-29 price VHT                                94.15 USD
2022-04-29 price GLD                                77.92 USD
2022-05-06 price VBMPX                              62.78 USD
2022-05-06 price RGAGX                              61.04 USD
2022-05-06 price ITOT                              129.75 USD
2022-05-06 price VEA                               124.04 USD
2022-05-06 price VHT                                93.63 USD
2022-05-06 price GLD                                78.71 USD
2022-05-13 price VBMPX                              61.70 USD
2022-05-13 price RGAGX                              60.48 USD
2022-05-13 price ITOT                              134.68 USD
2022-05-13 price VEA                               124.33 USD
2022-05-13 price VHT                                94.91 USD
2022-05-13 price GLD                                79.67 USD
2022-05-20 price VBMPX                              61.84 USD
2022-05-20 price RGAGX                              60.39 USD
2022-05-20 price ITOT                              136.57 USD
2022-05-20 price VEA                               124.60 USD
2022-05-20 price VHT                                94.07 USD
2022-05-20 price GLD                                77.39 USD
2022-05-27 price VBMPX                              61.44 USD
2022-05-27 price RGAGX                              59.87 USD
2022-05-27 price ITOT                              142.82 USD
2022-05-27 price VEA                               124.23 USD
2022-05-27 price VHT                                95.71 USD
2022-05-27 price GLD                                76.07 USD
2022-06-03 price VBMPX                              61.63 USD
2022-06-03 price RGAGX                              59.34 USD
2022-06-03 price ITOT                              144.33 USD
2022-06-03 price VEA                               127.76 USD
2022-06-03 price VHT                                96.30 USD
2022-06-03 price GLD                                75.69 USD
2022-06-10 price VBMPX                              61.70 USD
2022-06-10 price RGAGX                              59.10 USD
2022-06-10 price ITOT                              148.35 USD
2022-06-10 price VEA                               131.11 USD
2022-06-10 price VHT                                97.70 USD
2022-06-10 price GLD                                78.14 USD
2022-06-17 price VBMPX                              61.07 USD
2022-06-17 price RGAGX                              59.34 USD
2022-06-17 price ITOT                              153.81 USD
2022-06-17 price VEA                               131.44 USD
2022-06-17 price VHT                                97.01 USD
2022-06-17 price GLD                                76.64 USD
2022-06-24 price VBMPX                              61.87 USD
2022-06-24 price RGAGX                              59.83 USD
2022-06-24 price ITOT                              152.95 USD
2022-06-24 price VEA                               137.33 USD
2022-06-24 price VHT                                98.79 USD
2022-06-24 price GLD                                76.91 USD
2022-07-01 price VBMPX                              62.24 USD
2022-07-01 price RGAGX                              59.76 USD
2022-07-01 price ITOT                              157.27 USD
2022-07-01 price VEA                               136.39 USD
2022-07-01 price VHT                               100.67 USD
2022-07-01 price GLD                                79.14 USD
2022-07-08 price VBMPX                              61.59 USD
2022-07-08 price RGAGX                              59.15 USD
2022-07-08 price ITOT                              160.23 USD
2022-07-08 price VEA                               136.93 USD
2022-07-08 price VHT                               100.39 USD
2022-07-08 price GLD                                77.97 USD
2022-07-15 price VBMPX                              59.85 USD
2022-07-15 price RGAGX                              59.58 USD
2022-07-15 price ITOT                              164.49 USD
2022-07-15 price VEA                               136.19 USD
2022-07-15 price VHT                                98.44 USD
2022-07-15 price GLD                                76.71 USD
2022-07-22 price VBMPX                              59.07 USD
2022-07-22 price RGAGX                              59.06 USD
2022-07-22 price ITOT                              161.59 USD
2022-07-22 price VEA                               134.55 USD
2022-07-22 price VHT                                99.07 USD
2022-07-22 price GLD                                76.64 USD
2022-07-29 price VBMPX                              59.37 USD
2022-07-29 price RGAGX                              59.60 USD
2022-07-29 price ITOT                              166.74 USD
2022-07-29 price VEA                               132.86 USD
2022-07-29 price VHT                                98.90 USD
2022-07-29 price GLD                                78.50 USD
2022-08-05 price VBMPX                              60.16 USD
2022-08-05 price RGAGX                              59.23 USD
2022-08-05 price ITOT                              166.35 USD
2022-08-05 price VEA                               132.90 USD
2022-08-05 price VHT                                98.14 USD
2022-08-05 price GLD                                80.16 USD
2022-08-12 price VBMPX                              59.88 USD
2022-08-12 price RGAGX                              59.59 USD
2022-08-12 price ITOT                              164.87 USD
2022-08-12 price VEA                               133.94 USD
2022-08-12 price VHT                                98.29 USD
2022-08-12 price GLD                                80.03 USD
2022-08-19 price VBMPX                              60.30 USD
2022-08-19 price RGAGX                              60.21 USD
2022-08-19 price ITOT                              164.08 USD
2022-08-19 price VEA                               130.60 USD
2022-08-19 price VHT                                95.18 USD
2022-08-19 price GLD                                80.22 USD
2022-08-26 price VBMPX                              59.53 USD
2022-08-26 price RGAGX                              60.01 USD
2022-08-26 price ITOT                              160.78 USD
2022-08-26 price VEA                               131.24 USD
2022-08-26 price VHT                                96.84 USD
2022-08-26 price GLD                                80.01 USD
2022-09-02 price VBMPX                              58.40 USD
2022-09-02 price RGAGX                              59.86 USD
2022-09-02 price ITOT                              160.28 USD
2022-09-02 price VEA                               134.82 USD
2022-09-02 price VHT                                97.94 USD
2022-09-02 price GLD                                79.57 USD
2022-09-09 price VBMPX                              57.98 USD
2022-09-09 price RGAGX                              59.73 USD
2022-09-09 price ITOT                              159.81 USD
2022-09-09 price VEA                               136.98 USD
2022-09-09 price VHT                                98.31 USD
2022-09-09 price GLD                                77.80 USD
2022-09-16 price VBMPX                              57.97 USD
2022-09-16 price RGAGX                              60.49 USD
2022-09-16 price ITOT                              159.34 USD
2022-09-16 price VEA                               136.29 USD
2022-09-16 price VHT                                98.26 USD
2022-09-16 price GLD                                76.85 USD
2022-09-23 price VBMPX                              58.94 USD
2022-09-23 price RGAGX                              59.97 USD
2022-09-23 price ITOT                              158.68 USD
2022-09-23 price VEA                               137.54 USD
2022-09-23 price VHT                                99.52 USD
2022-09-23 price GLD                                78.24 USD
2022-09-30 price VBMPX                              58.27 USD
2022-09-30 price RGAGX                              59.70 USD
2022-09-30 price ITOT                              161.75 USD
2022-09-30 price VEA                               136.22 USD
2022-09-30 price VHT                               101.16 USD
2022-09-30 price GLD                                76.97 USD
2022-10-07 price VBMPX                              58.79 USD
2022-10-07 price RGAGX                              59.67 USD
2022-10-07 price ITOT                              158.03 USD
2022-10-07 price VEA                               139.36 USD
2022-10-07 price VHT                               101.69 USD
2022-10-07 price GLD                                75.56 USD
2022-10-14 price VBMPX                              58.62 USD
2022-10-14 price RGAGX                              59.20 USD
2022-10-14 price ITOT                              158.67 USD
2022-10-14 price VEA                               139.35 USD
2022-10-14 price VHT                               101.54 USD
2022-10-14 price GLD                                77.05 USD
2022-10-21 price VBMPX                              58.40 USD
2022-10-21 price RGAGX                              59.36 USD
2022-10-21 price ITOT                              156.77 USD
2022-10-21 price VEA                               134.64 USD
2022-10-21 price VHT                               101.51 USD
2022-10-21 price GLD                                78.84 USD
2022-10-28 price VBMPX                              58.65 USD
2022-10-28 price RGAGX                              58.67 USD
2022-10-28 price ITOT                              149.19 USD
2022-10-28 price VEA                               138.85 USD
2022-10-28 price VHT                               102.34 USD
2022-10-28 price GLD                                79.29 USD
2022-11-04 price VBMPX                              58.72 USD
2022-11-04 price RGAGX                              57.97 USD
2022-11-04 price ITOT                              142.95 USD
2022-11-04 price VEA                               133.55 USD
2022-11-04 price VHT                               102.78 USD
2022-11-04 price GLD                                79.13 USD
2022-11-11 price VBMPX                              57.94 USD
2022-11-11 price RGAGX                              57.13 USD
2022-11-11 price ITOT                              144.40 USD
2022-11-11 price VEA                               131.85 USD
2022-11-11 price VHT                               101.38 USD
2022-11-11 price GLD                                79.91 USD
2022-11-18 price VBMPX                              58.09 USD
2022-11-18 price RGAGX                              57.35 USD
2022-11-18 price ITOT                              146.13 USD
2022-11-18 price VEA                               132.85 USD
2022-11-18 price VHT                               101.36 USD
2022-11-18 price GLD                                80.63 USD
2022-11-25 price VBMPX                              58.34 USD
2022-11-25 price RGAGX                              56.35 USD
2022-11-25 price ITOT                              145.08 USD
2022-11-25 price VEA                               131.48 USD
2022-11-25 price VHT                               101.13 USD
2022-11-25 price GLD                                79.64 USD
2022-12-02 price VBMPX                              57.57 USD
2022-12-02 price RGAGX                              56.46 USD
2022-12-02 price ITOT                              143.84 USD
2022-12-02 price VEA                               128.36 USD
2022-12-02 price VHT                               101.78 USD
2022-12-02 price GLD                                79.48 USD
2022-12-09 price VBMPX                              57.90 USD
2022-12-09 price RGAGX                              56.57 USD
2022-12-09 price ITOT                              146.14 USD
2022-12-09 price VEA                               127.36 USD
2022-12-09 price VHT                               100.89 USD
2022-12-09 price GLD                                76.68 USD
2022-12-16 price VBMPX                              57.30 USD
2022-12-16 price RGAGX                              56.75 USD
2022-12-16 price ITOT                              151.64 USD
2022-12-16 price VEA                               131.38 USD
2022-12-16 price VHT                               104.46 USD
2022-12-16 price GLD                                76.76 USD
2022-12-23 price VBMPX                              57.79 USD
2022-12-23 price RGAGX                              57.69 USD
2022-12-23 price ITOT                              151.30 USD
2022-12-23 price VEA                               135.09 USD
2022-12-23 price VHT                               104.06 USD
2022-12-23 price GLD                                76.63 USD
2022-12-30 price VBMPX                              58.71 USD
2022-12-30 price RGAGX                              58.53 USD
2022-12-30 price ITOT                              153.66 USD
2022-12-30 price VEA                               135.86 USD
2022-12-30 price VHT                               105.40 USD
2022-12-30 price GLD                                75.57 USD
2023-01-06 price VBMPX                              58.82 USD
2023-01-06 price RGAGX                              58.52 USD
2023-01-06 price ITOT                              154.31 USD
2023-01-06 price VEA                               138.86 USD
2023-01-06 price VHT                               103.85 USD
2023-01-06 price GLD                                75.98 USD
2023-01-13 price VBMPX                              61.24 USD
2023-01-13 price RGAGX                              59.01 USD
2023-01-13 price ITOT                              151.15 USD
2023-01-13 price VEA                               139.15 USD
2023-01-13 price VHT                               104.72 USD
2023-01-13 price GLD                                72.53 USD
2023-01-20 price VBMPX                              61.65 USD
2023-01-20 price RGAGX                              58.92 USD
2023-01-20 price ITOT                              152.21 USD
2023-01-20 price VEA                               139.21 USD
2023-01-20 price VHT                               104.74 USD
2023-01-20 price GLD                                69.44 USD
2023-01-27 price VBMPX                              61.19 USD
2023-01-27 price RGAGX                              58.64 USD
2023-01-27 price ITOT                              154.16 USD
2023-01-27 price VEA                               136.93 USD
2023-01-27 price VHT                               105.37 USD
2023-01-27 price GLD                                71.27 USD
2023-02-03 price VBMPX                              59.56 USD
2023-02-03 price RGAGX                              58.42 USD
2023-02-03 price ITOT                              153.10 USD
2023-02-03 price VEA                               136.67 USD
2023-02-03 price VHT                               104.19 USD
2023-02-03 price GLD                                69.86 USD



* Cash

